1566 2482
12 1946 27 2004 :wa

0 2248 32 2417 p«-ss‹,‹-.

503 203 506 205 Α
544 186 831 228 ιἐῑσᾙοῃσιη
862 202 869 207 ·
1181 180 1260 224 163

115 308 308 359 Belligeri‚
337 307 502 348 armatae
529 317 721 347 successor
745 304 912 345 inermus
938 305 976 344 et
1002 304 1111 344 aulae

115 364 291 403 Instituit
316 363 488 404 Solomon
507 361 591 411 (1);
623 360 799 410 quoniam
825 358 1008 410 genitoris
1026 359 1154 398 anheli

117 419 295 457 Fumarat
320 417 442 456 calido
467 427 599 465 regum
626 415 671 453 de
699 414 884 464 sanguine
911 414 1054 452 dextra.

116 471 306 520 Sanguine
333 482 423 509 nam
448 471 562 516 terso,
590 468 771 518 templum
794 468 990 514 fundatur,
1020 469 1057 505 et
1084 478 1151 505 ara
1182 465 1260 505 810

117 526 277 564 Ponitur
303 524 446 563 auratis
474 523 615 563 Christi
641 523 772 561 domus
800 523 917 561 ardua
942 521 1066 560 tectis.

115 580 219 619 Tunc
246 578 481 618 Hierusalem
510 577 568 628 (2)
595 576 733 626 templo
758 576 975 622 inlustrata,
1005 575 1171 624 quietum

115 633 285 681 Suscepit
310 632 386 671 iam
413 631 501 670 diva
516 630 579 682 ‘(3)
600 631 742 677 Deum3
772 630 1010 678 circumvaga
1035 630 1236 678 postquam

115 687 219 726 Sedit
244 686 460 725 marmoreis
487 685 646 724 fundata
673 685 856 723 altaribus
883 685 996 723 Arca.

115 741 255 790 Surgat
271 742 308 779 et
325 740 366 779 in
383 734 522 778 nostris
548 739 728 787 templum
754 738 965 777 venerabile
993 737 1151 776 castris:
1183 735 1261 775 815

53 798 55 800 '
116 794 361 843 Omnipotens
387 793 494 832 cuius
522 794 735 831 sanctorum
761 794 894 831 sancta
919 791 1073 830 revisat.

115 849 216 887 Nam
244 847 334 897 quid
360 847 568 896 terrigenas
595 846 692 885 ferro
718 846 904 895 pepulisse
930 844 1146 894 phalangas

116 899 318 950 Culparum
344 901 495 949 prodest
510 931 519 948 ‚
549 900 712 939 hominis
739 900 774 938 si
801 899 920 938 Filius
949 897 1008 948 (4)
1037 910 1120 937 arce

115 955 289 994 Aetheris
316 955 503 1003 inlapsus,
532 954 685 1003 purgati
712 953 875 1002 corporis
901 953 1029 992 urbem

114 1010 239 1048 Intret
264 1008 492 1055 inornatam,
522 1007 652 1056 templi
679 1007 911 1056 splendentis
938 1008 1108 1055 egenus?
1182 1005 1261 1045 820

8 1081 17 1090 r
71 1074 76 1079 ·
114 1063 309 1102 Hactenus
335 1061 493 1101 alternis
519 1062 692 1100 sudatum
720 1062 777 1100 est
803 1060 1010 1100 comminus
1037 1059 1172 1098 armis:

115 1117 248 1155 Munia
274 1127 374 1154 nunc
401 1115 522 1164 agitet
546 1115 683 1154 tacitae
708 1116 800 1164 toga
827 1114 987 1153 candida
1014 1114 1133 1162 pacis,

113 1171 237 1219 Atque
264 1169 382 1209 sacris
409 1170 533 1208 sedem
560 1170 730 1218 properet
757 1169 942 1209 discincta
968 1168 1159 1206 iuventus.
1184 1181 1263 1203 »—

114 1225 219 1263 Haec
245 1223 310 1262 ubi
337 1223 438 1262 dicta
465 1223 581 1270 dedit,
612 1222 791 1272 gradibus
818 1222 949 1272 regina
976 1222 1147 1270 superbis

114 1277 280 1324 Desiliit,
309 1277 478 1325 tantique
506 1277 625 1325 operis
654 1277 858 1316 Concordia
885 1287 1036 1315 consors
1183 1275 1260 1314 825

107 1332 302 1380 vMetatura
328 1342 466 1369 novum
495 1329 569 1381 (5),
600 1331 697 1370 iacto
723 1330 958 1378 fundamine,
987 1329 1191 1381 templum:

113 1386 239 1424 Aurea·
265 1384 461 1432 planitiem
488 1384 620 1432 spatiis
647 1384 829 1433 percurrit
857 1384 1000 1423 arundo
1181 1397 1185 1402 ·

113 1438 318 1485 Dimensis,
349 1437 533 1486 quadrent
558 1439 603 1476 ut
629 1439 788 1487 quatuor
814 1438 980 1487 undique
1006 1436 1165 1485 frontes,

114 1492 173 1530 Ne
200 1491 454 1531 commissuris
483 1491 710 1531 distantibus
738 1492 902 1541 angulus
930 1492 1050 1540 impar

179 1635 224 1674 (1)
247 1635 409 1667 solomon.
434 1635 485 1665 Ita
512 1635 678 1666 mcum.
709 1635 836 1673 passim.
866 1634 978 1665 Noster
1000 1634 1169 1665 Salomone
1196 1633 1259 1664 Ha-

114 1683 243 1721 marlig.
266 1683 342 1720 577,
365 1684 399 1714 et
421 1683 510 1714 alibi.

182 1737 229 1776 (2)
251 1737 475 1769 Hierusalem.
499 1737 610 1768 Omnes
624 1737 712 1768 codd.
729 1746 821 1773 mss„
837 1745 896 1767 uno
918 1737 1066 1775 excepto,
1089 1736 1143 1773 qui
1163 1735 1258 1768 Ieru-

108 1785 195 1816 salee
217 1785 256 1823 (Ξ)
280 1786 433 1824 scriptum
455 1785 560 1822 habet,
584 1787 619 1816 et
639 1785 807 1824 descripsit
827 1785 990 1815 Hmsxvs.

179 1839 224 1878 (3)
246 1840 316 1869 iam
338 1839 427 1871 dica.
452 1840 546 1876 Pura,
570 1840 689 1870 sancta.
709 1840 783 1870 urbs
803 1840 928 1878 propter
949 1838 1094 1869 Numinis
1114 1846 1259 1877 praesen·

113 1888 208 1918 tiam.

174 1940 219 1979 (4)
246 1940 392 1971 hominis
421 1942 453 1972 si
482 1941 603 1972 Filius.
639 1941 727 1971 Issvs
755 1941 918 1977 Cumsrvs,
951 1941 1004 1979 qui
1033 1941 1158 1971 domum
1191 1940 1260 1972 vult

111 1990 251 2018 nostram
273 1997 292 2018 a
314 1988 403 2018 vitiis
425 1997 566 2025 vacuam,
590 1989 644 2019 sed
665 1989 807 2019 omnibus
835 1990 980 2020 ornatam
1001 1989 1187 2020 virtutibus.
1209 1989 1256 2022 ‚V-

66 2058 71 2063 .
117 2033 309 2083 Καθημερ,
332 2036 386 2072 IV,
433 2036 472 2067 16
493 2037 526 2067 ct
545 2045 633 2075 seqq.

178 2095 223 2136 (5)
247 2096 418 2126 Metatura
438 2105 555 2126 novum
571 2097 633 2127 etc.
656 2097 901 2136 Descriptionem
923 2096 1019 2127 habes
1039 2096 1161 2135 templi,
1178 2103 1257 2142 quae

106 2144 223 2182 legitur
244 2144 277 2175 in
298 2144 413 2176 Ioum.
444 2145 581 2184 Apocal.
606 2144 696 2176 XXI.
1191 2144 1194 2147 ’
