1566 2482
671 154 825 184 Avmn
849 153 1053 182 annrm'm

385 266 447 305 Ad
473 266 620 313 portum
646 263 801 303 fluitans
827 264 960 302 cumba
973 261 1033 314 (1)
1048 261 1240 310 relabitur,

385 318 617 367 Exponitque
645 317 722 356 solo
747 317 869 356 litoris
895 316 999 356 uvidi

386 373 582 411 Contactos
607 370 734 419 pluvio
759 370 896 419 frigore
922 369 1094 418 remiges.
1398 401 1401 403 .

385 427 488 464 Tunc
517 426 560 463 de
586 424 707 463 litorei
734 424 907 472 saepibus
933 423 1053 472 algidi
1365 422 1414 460 1-5

385 481 567 518 Arentum
593 489 743 526 propere
769 477 923 526 brachia.
948 477 1144 525 palmitum

386 533 627 578 Convectant‚
656 531 805 579 rapidos
831 531 930 569 unde
956 530 1058 569 focos
1086 530 1256 568 struant:

385 586 537 624 Fascem
565 585 719 633 quisque
746 596 854 632 suum
881 584 1052 632 congerIt
1075 583 1245 631 ignibus,
1270 603 1273 606 ·

384 640 615 687 Exspectans
641 637 754 677 calidi
779 637 965 676 luxuriam
981 636 1038 686 (2)
1055 636 1152 685 rogi.

385 692 540 738 Paulus,
571 692 657 730 dum
685 691 838 739 fragiles
864 694 992 739 cogere
1019 690 1186 728 surculos
1363 689 1414 727 20

385 747 434 784 Et
461 746 610 784 densere
626 744 684 795 (3)
713 745 786 783 foci
811 744 1020 792 congeriem
1049 743 1186 790 studet,

383 800 582 838 Incautam
610 798 767 837 cumulis
794 797 952 836 inseruit
977 808 1153 843 manum3

383 854 567 900 Torpebat
594 852 715 901 glacie
742 851 855 900 pigra
881 850 945 889 ubi
972 851 1112 898 vipera,

382 906 586 945 Sarmentis
612 906 763 954 laqueos
790 904 951 952 corporis
978 903 1191 951 implicans:

383 961 483 1006 Quae
510 960 706 1008 postquam
733 958 896 1006 intepuit
921 957 1047 996 fomite
1074 956 1212 1003 fumeo,
1363 955 1424 993 25.

383 1013 612 1061 Laxavitque
639 1013 740 1051 ferox
766 1012 862 1051 colla
888 1010 1065 1060 rigentia,

382 1068 464 1106 Iam
492 1065 591 1104 flecti
618 1065 755 1111 facilis,
785 1064 913 1102 retulit
939 1065 988 1101 ad
1014 1074 1166 1101 manum

383 1120 538 1158 Vibrato
564 1119 684 1166 capite
711 1118 855 1166 spicula
882 1117 1063 1155 dentium.
1190 1157 1194 1160 Δ

383 1173 607 1211 Haerentem
634 1171 744 1220 digiti
770 1171 920 1209 vulnere
947 1169 1133 1208 mordicus

382 1226 679 1273 Pendentemque
706 1236 839 1273 gerens
867 1223 1008 1262 Paulus
1034 1221 1233 1260 inhorruit.
1362 1222 1413 1260 30

382 1279 584 1317 Exlamant
610 1279 690 1325 alii,
721 1278 817 1326 quod
845 1278 928 1315 cute
954 1275 1072 1314 livida

382 1333 495 1371 Virus
522 1332 751 1370 mortiferum
779 1342 921 1379 serpere
949 1329 1152 1368 crederent.

381 1387 435 1424 At
461 1397 536 1424 non
563 1385 788 1433 intrepidum
815 1385 928 1422 terret
953 1381 1175 1431 Apostolum

381 1439 514 1477 Tristis
541 1439 617 1477 iam
633 1438 691 1489 (4)
707 1438 821 1477 subiti
847 1437 966 1475 forma
992 1434 1169 1484 periculi:

382 1493 569 1531 Attollens
597 1492 735 1539 oculos,
766 1491 888 1531 sidera
914 1489 1084 1538 suspicit,
1361 1489 1411 1527 35

382 1546 569 1586 Christum
598 1546 667 1585 sub
693 1545 808 1584 tacito
834 1545 978 1593 pectore
1004 1553 1255 1589 murmurans,

339 1695 384 1734 (1)
408 1695 536 1725 cumba.
554 1694 670 1725 Graece
689 1690 809 1738 κόμβα,
827 1700 925 1727 genus
939 1690 1059 1728 navigii
1074 1690 1216 1727 minoris,
1234 1689 1412 1730 plerumque

277 1744 420 1773 omnibus
441 1743 576 1779 stagnis,
598 1742 785 1777 lacubusque
808 1737 1026 1769 trahiciendis.
1048 1737 1111 1768 Nos
1133 1737 1311 1770 harchem.
1335 1737 1411 1769 Vide

278 1783 363 1830 Περὶ
389 1784 487 1830 Στεφ.
513 1785 549 1820 V,
573 1785 690 1822 Hymn.
713 1783 787 1815 450.

337 1850 383 1889 (2)
407 1850 603 1879 luxuriam:
625 1848 850 1879 abundantiam
873 1854 1042 1882 ramorum,
1059 1853 1097 1876 ex
1112 1845 1224 1884 quibus
1247 1845 1330 1883 ignis
1353 1854 1410 1876 nu-

291 1892 371 1922 ritus
392 1891 522 1923 exultet.

336 1949 381 1989 (3)
399 1950 543 1982 densere.
560 1950 628 1980 Non
643 1949 793 1984 densare,
809 1948 857 1979 uti
872 1947 968 1977 habet
988 1946 1162 1978 Gmmnvs.
1181 1946 1218 1978 V.
1237 1946 1349 1977 Hssms.
1371 1945 1412 1977 ad

284 1993 374 2023 Ovm.
398 1992 530 2023 Fastor-
552 1991 614 2029 111,
635 1991 712 2027 82o;
736 1991 769 2021 et
788 1990 927 2020 nostrum
951 1989 1095 2019 Cathena.
1115 1989 1152 2026 V,
1173 1988 1236 2024 53;
1261 1987 1412 2019 Glmunu

288 2035 370 2066 ndic.
394 2034 613 2064 Lucretianum
636 2034 668 2064 in
689 2033 833 2064 (imeres

339 2093 386 2132 (4)
413 2093 535 2124 Tristis
555 2093 635 2123 iam.
661 2092 764 2124 (ἤδη.
789 2091 905 2129 aliique
926 2091 1035 2121 tristis
1057 2093 1136 2122 tam.
