1566 2482
285 174 364 217 192
665 177 820 219 Anum
844 188 1050 221 mvnmmt

336 301 633 350 Persuasumque
670 299 816 348 habuit,
847 299 945 349 quod
981 299 1066 350 quis
1099 300 1206 350 velit,
1241 300 1328 341 inde
1358 305 1422 352 pe-

334 408 551 457 Numquam
584 407 709 448 oculos
746 406 983 457 animumque
1009 391 1152 448 *levans
1178 353 1423 449 ratgigexssgmgid

335 514 502 562 Retuliiz3
534 515 718 554 insulsum
747 514 868 554 tenuit
895 515 959 554 sed
987 515 1160 554 credulus
1186 460 1423 565 usunffmem

335 569 507 608 Privatos
535 569 726 608 celebrans
755 581 936 618 agnorum
964 569 1149 618 sanguine
1179 569 1297 610 divos.

334 623 488 672 Iamque
509 623 615 662 domo
643 623 852 672 egrediens,
874 624 917 661 ut
942 623 1097 671 publica
1123 622 1221 662 festa
1249 623 1418 672 diesque,

333 730 383 769 Ee
410 729 518 769 ludos
547 730 703 778 simpui'n,
734 730 834 769 celsa
862 731 900 768 et
928 729 1113 778 Capitolia
1140 729 1250 778 vidit,
1322 675 1416 731 [215

333 783 628 833 Laurigerosque
658 784 766 822 deum
791 783 942 832 templis
971 784 1120 823 adstare
1148 783 1356 834 ministros,

334 839 391 876 Ac
418 838 567 876 Sacram
595 849 766 876 resonare
794 837 906 877 Viam
935 836 997 887 (1)
1026 837 1247 887 mugitibus,
1277 839 1365 878 ante

333 891 538 930 Delubrum
566 892 703 930 Romae
734 890 795 942 (2)
814 891 966 941 (colitur
981 903 1069 930 nam
1085 891 1269 940 sanguine
1284 893 1322 930 et
1336 891 1420 940 ipsa

332 946 434 984 More
456 945 559 992 deae,
580 956 785 994 nomenque
804 945 876 984 loci
890 956 957 984 ceu
977 957 1115 984 numen
1134 945 1315 992 habetur3
1337 947 1417 984 220

332 1000 456 1047 Atque
484 999 596 1038 Vrbis
620 999 679 1049 (3)
697 999 925 1047 Venerisque
952 1000 1034 1047 pari
1050 1011 1088 1038 se
1104 998 1267 1038 culmine
1282 998 1421 1038 tollunt

331 1053 503 1101 Templa:
535 1052 646 1091 simul
674 1052 834 1101 gemmis
862 1053 1059 1091 adolentur
1086 1054 1171 1091 tura
1193 1052 1349 1101 deabus)

332 1106 430 1147 Vera
459 1106 518 1156 (4)
539 1107 658 1155 ratus,
690 1117 942 1155 quaecumque
971 1106 1066 1145 fiant
1089 1107 1237 1145 auctore
1267 1106 1416 1155 senatu,

340 1241 389 1282 (1)
410 1242 459 1273 Ac
486 1251 653 1274 sacram...
676 1242 777 1273 viam.
797 1242 834 1272 In
859 1242 982 1279 regione
1014 1241 1100 1272 urbis
1133 1241 1247 1279 quarta
1267 1241 1343 1273 haee
1365 1242 1418 1274 via

277 1285 416 1315 omnium
432 1284 516 1314 urbis
533 1283 778 1314 celebratissima
798 1292 815 1314 e
835 1284 914 1314 Foro
936 1285 968 1314 in
991 1282 1180 1322 Capitolium
1201 1284 1414 1323 pertingebat.

278 1326 374 1358 Sacra
395 1326 493 1361 dicta,
518 1325 598 1363 quod
620 1325 727 1356 faedus
742 1326 906 1356 Romulum
923 1326 1005 1356 inter
1020 1327 1053 1356 et
1074 1325 1200 1357 Latium
1224 1325 1324 1356 ictum
1339 1326 1413 1363 fuit,

278 1367 325 1398 vel
348 1367 426 1405 quod
447 1367 624 1398 sacerdotes
645 1376 681 1398 eo
703 1368 815 1398 itinere
837 1368 1003 1398 uterentur
1030 1376 1187 1398 sacrorum
1215 1367 1418 1398 conficiendo·

277 1418 345 1440 rum
367 1417 470 1441 causa.
495 1409 531 1439 In
554 1418 638 1440 more
664 1409 728 1439 fuit
743 1410 877 1448 positum
894 1409 1028 1440 Horatio
1043 1409 1075 1439 iu
1090 1409 1189 1440 savia
1200 1409 1306 1448 spatia
1326 1409 1417 1449 plura

276 1450 461 1498 ἐξαγωγῆς
485 1450 584 1497 χάριν
605 1452 731 1484 iterare.
756 1451 793 1484 V.
809 1452 956 1482 Satirar.
979 1451 1025 1482 IX
1048 1451 1120 1484 init.

340 1500 385 1538 (2)
410 1499 590 1529 Delubrum
605 1499 736 1531 Romae.
753 1498 785 1530 Si
801 1499 871 1536 quis
886 1507 1025 1529 nummos
1047 1498 1229 1537 imperator.
1245 1497 1415 1536 Hadriani,

276 1541 429 1572 Antonini
450 1541 500 1571 Pii
522 1542 555 1572 et
576 1540 698 1572 Claudii
721 1541 893 1577 inspexerit
909 1541 1060 1579 templum
1084 1541 1115 1570 in
1132 1540 1173 1570 iis
1194 1549 1248 1571 sex
1263 1540 1415 1572 columnis

276 1583 388 1613 fultum
411 1582 541 1618 videbit,
557 1584 591 1613 et
606 1583 636 1612 in
653 1582 754 1614 medio
775 1582 907 1612 Romam
929 1582 1018 1613 deum
1033 1590 1102 1612 cum
1126 1581 1183 1612 hac
1199 1582 1414 1620 inscriptione,

239 1650 241 1653 ,
276 1625 416 1656 ROMAE
431 1647 438 1654 .
453 1624 681 1655 AETERNAE.
705 1624 761 1655 Cui
777 1624 858 1655 Deae
874 1624 1015 1662 Smyrnei
1037 1625 1158 1661 (ΤΔοιτ.
1173 1624 1264 1654 Ann.
1281 1623 1415 1663 xxxvss)

274 1668 308 1697 et
329 1666 572 1702 Alabandenses,
595 1666 704 1698 Cariae
734 1666 852 1704 populi,
886 1666 979 1705 primi
1004 1666 1153 1704 templum
1175 1665 1416 1696 inaedificarunt

274 1708 564 1746 anniversariosque
590 1708 677 1739 ludos
706 1708 924 1739 instituerunt.
955 1708 993 1740 V.
1017 1708 1151 1738 Svmon.
1180 1707 1325 1746 Auyust.
1358 1707 1415 1738 LII

275 1759 325 1780 mv
346 1750 459 1785 XLIII,
484 1751 503 1781 6
521 1773 528 1782 .

337 1791 382 1831 (3)
404 1751 516 1831 Atque)
529 1792 633 1823 Vrbis.
655 1792 894 1830 Venerisque...
915 1791 1062 1829 Templa,
1079 1798 1160 1827 quae
1175 1789 1325 1820 Hadriani
1340 1798 1416 1821 cura

275 1834 442 1865 aedificata
462 1837 538 1863 sunt
559 1834 594 1872 Q.
620 1833 718 1863 Fabio
741 1833 897 1869 Catulino,
922 1833 965 1864 M.
983 1832 1030 1862 Fl.
1046 1831 1128 1871 Api-o
1150 1832 1235 1863 Coss.
1258 1832 1296 1864 V.
1319 1831 1415 1863 Cun-

275 1883 399 1909 pnuviu.
428 1875 533 1907 Veter.
558 1875 799 1905 Monumentor.
824 1875 911 1906 Tom.
935 1874 984 1909 11:
1010 1874 1090 1904 unde
1106 1873 1199 1904 facile
1214 1874 1334 1905 eruitur
1348 1881 1415 1912 pro-

275 1917 347 1948 fana
363 1917 438 1948 haec
453 1917 571 1956 templa
593 1917 625 1947 iu
648 1916 704 1949 SS.
721 1916 849 1948 Cosmae
864 1916 898 1947 et
919 1916 1063 1946 Damiuni
1080 1915 1179 1946 Aedes
1200 1923 1305 1946 sacras
1319 1914 1416 1946 fuisse

275 1967 435 1990 conversas

337 2000 381 2039 (4)
408 1999 493 2031 Vera
507 2003 616 2037 ratus,
635 2009 852 2039 quaecumque
864 1999 961 2037 fiant.
984 1999 1035 2030 Ita
1057 1999 1160 2030 stn.
1176 1999 1210 2029 et
1223 1997 1311 2031 codd.
1329 2005 1415 2038 prae·

273 2042 454 2073 stantiores.
477 2043 561 2073 More
590 2051 644 2073 suo
674 2042 781 2072 noster
810 2042 940 2079 primam
971 2040 1129 2072 breviavit
1151 2042 1182 2070 in
1201 2040 1312 2079 flant5
1333 2039 1413 2078 quod

276 2085 521 2121 praemonuimus
542 2082 628 2131 Περὶ
652 2081 752 2131 Στεφ.
775 2083 865 2121 X111,
887 2083 940 2115 59.
966 2083 1003 2113 V.
1027 2084 1071 2115 et.
1088 2082 1122 2113 in
1142 2081 1268 2122 hymnis
1287 2081 1342 2119 VI,
1359 2080 1413 2122 83,

273 2131 316 2169 x,
340 2131 413 2165 815.
