1566 2482
15 935 17 937 ,
0 659 18 891 Ἧ,ἯΓὟ7Ψ“Ἄ

391 185 536 214 comm
563 164 757 214 ermom
783 160 1010 214 ona-nom*
1187 173 1273 214 1977

142 311 146 314 ·
175 293 246 332 Vel
272 293 390 332 silvas
416 293 605 342 Dryadas,
634 293 694 331 vel
724 292 834 332 devia.
861 305 950 332 rura
977 294 1171 342 Napaeas.
1216 324 1221 325 ν

175 347 266 394 Ipse
291 346 409 396 ignis,
440 348 610 385 nostrum
637 346 761 385 factus
791 346 855 395 qui
883 348 1001 386 servit
1027 348 1076 386 ad
1104 359 1229 395 usum,
1279 379 1282 381 μ

178 400 372 439 Vulcanus
396 399 622 449 perhibetur,
652 401 691 439 et
717 400 759 438 in
787 400 926 438 virtute
954 412 1117 449 superna
1185 401 1264 440 305

177 453 367 502 Fingitur,
397 465 441 492 ac
469 453 636 501 delubra,
667 453 758 492 deus
786 455 824 492 et
850 454 1002 493 nomine
1030 455 1068 493 et
1095 465 1157 493 ore

179 507 441 554 Adsimilatus‚
471 507 605 545 habet:
635 518 703 546 nec
732 517 809 545 non
837 518 995 556 regnare
1022 508 1183 547 caminis

180 560 327 608 Fertur,
366 562 404 599 et
438 561 592 599 Aeoliae
629 572 797 599 summus
824 560 930 599 faber
957 573 1052 609 esse,
1091 561 1152 600 vel
1190 563 1265 653 Ale-

1067 616 1157 653 tnae
1185 613 1202 666 (
1231 616 1264 664 ).

127 667 213 714 Est,
241 666 306 715 qui
332 668 542 716 conspicuis
570 678 723 716 superos
751 668 938 717 quaesivit
964 669 1005 707 in
1033 669 1163 716 astris,

181 722 308 760 Ausus
344 721 480 760 habere
508 722 618 759 deum
647 721 707 770 (2)
736 722 882 767 Solem:
917 722 978 760 cui
1005 722 1160 826 tramffte
1188 733 1266 813 celr-

180 827 352 866 Conditio
378 827 554 876 imposita
581 829 653 874 est,
683 828 838 876 vigilem
865 828 1023 866 tolerare
1050 829 1234 876 laborem,

180 880 334 919 Visibus
362 881 545 920 obiectum
571 881 806 928 mortalibus,
838 882 923 920 orbe
950 882 1110 921 rotundo
1166 892 1169 893 ⁷

184 934 444 982 Praecipitem,
460 935 654 983 ‚teretique
681 934 793 983 globo
819 947 885 984 per
911 934 1025 974 inane
1053 935 1266 982 volantem3

184 988 248 1035 Et,
278 988 375 1036 quod
402 999 511 1027 nemo
538 990 667 1036 negat,
697 989 836 1027 mundo
869 989 1044 1037 caeloque
1071 988 1266 1028 minorem.

184 1042 284 1079 Area
301 1041 421 1080 maior
447 1042 561 1088 enim,
583 1053 696 1090 quam
723 1042 788 1090 qui
815 1043 997 1090 percurrit
1015 1042 1056 1080 in
1074 1042 1166 1082 illa:
1188 1041 1268 1081 315

183 1095 234 1133 Ε1
259 1094 370 1144 longe
397 1095 521 1143 campi
547 1095 710 1143 spatium
738 1095 924 1142 diffusius,
954 1096 996 1133 in
1023 1107 1095 1144 quo

183 1147 346 1196 Emicat,
376 1160 420 1187 ac
447 1149 591 1187 volucri
616 1148 766 1187 fervens
793 1150 875 1187 rota
902 1149 1066 1187 volvitur
1092 1161 1176 1188 axe.

180 1201 362 1248 Quamvis
389 1202 583 1240 nonnullis
610 1201 772 1250 placeat,
802 1203 940 1240 terram
967 1202 1171 1241 breviorem

185 1254 317 1294 Dicere
345 1255 518 1302 circuitu,
548 1267 660 1304 quam
689 1255 740 1294 sit
765 1255 1037 1303 pulcherrimus
1066 1256 1131 1294 ille

186 1308 371 1356 Circulus,
402 1311 439 1348 et
456 1309 629 1347 flammas
655 1309 829 1347 immensi
855 1309 1005 1356 sideris,
1033 1310 1134 1348 ultra
1157 1339 1162 1342 .
1188 1309 1268 1348 320

183 1361 343 1401 Telluris
370 1374 554 1410 normam,
585 1364 752 1410 porrecto
778 1363 971 1401 extendere
999 1375 1106 1411 gyro.
1195 1374 1198 1375 ⁷

183 1415 335 1454 Numne
362 1417 475 1454 etiam
502 1415 597 1455 caeli
624 1416 746 1455 minor
772 1417 811 1454 et
836 1417 1064 1455 contractior
1090 1416 1207 1464 orbis,

184 1468 301 1507 Cuius
326 1469 523 1517 planitiem
549 1469 663 1517 longo
689 1469 943 1508 transmittere
970 1471 1094 1508 tractu

183 1521 358 1560 Circinus
383 1534 582 1561 excurrens
608 1523 710 1560 meta
735 1522 908 1560 interiore
935 1522 1110 1561 laborat?

187 1574 259 1613 Ille
287 1575 388 1614 Deus
416 1587 540 1622 verus,
571 1586 643 1624 quo
670 1586 746 1613 11011
774 1576 831 1613 est
858 1575 1038 1624 grandior
1063 1576 1144 1614 ulla
1195 1576 1273 1615 325

188 1628 380 1676 Materies,
410 1629 474 1678 qui
502 1629 576 1667 fine
602 1630 720 1675 caret,
751 1627 815 1677 qui
842 1628 1029 1676 praesidet
1056 1629 1159 1668 omni

186 1682 371 1729 Naturae,
402 1682 467 1731 qui
495 1683 631 1721 cuncta
657 1682 771 1721 simul
797 1682 988 1720 concludit
1013 1684 1051 1721 et
1077 1682 1222 1731 implet.

184 1735 307 1774 Solem
331 1737 433 1774 certa
459 1737 564 1774 tenet
589 1736 709 1784 regio,
739 1735 854 1784 plaga
880 1737 982 1774 certa
1009 1738 1164 1784 coercet,

185 1788 426 1837 Temporibus
454 1789 570 1828 variis
600 1788 871 1838 distinguitur:
903 1790 970 1828 aut
997 1789 1100 1828 subit
1127 1791 1226 1837 ortu,

199 1936 245 1975 (1)
265 1937 398 1967 Aeoliae
418 1946 570 1968 summus
590 1938 684 1976 faber
698 1947 765 1968 esse
779 1939 830 1968 vel
845 1940 980 1969 Aetnae.
995 1938 1151 1969 Vulcanus
1167 1938 1275 1969 Lemni

135 1978 171 2008 in
190 1977 294 2008 insula
311 1979 411 2009 maris
432 1979 561 2016 Aegaei,
585 1980 637 2010 uhi
652 1988 670 2010 e
684 1979 769 2010 caelo
789 1981 951 2018 prolapsus
972 1981 1022 2010 est
1042 1989 1114 2010 suas
1136 1980 1276 2016 officinas

135 2019 249 2050 habuit
267 2021 301 2050 et
322 2022 354 2050 in
368 2020 481 2052 Aetna.
503 2021 540 2053 V.
562 2021 653 2053 Viae.
673 2021 789 2060 θωνα.
805 2022 860 2059 IV,
879 2023 939 2053 170
961 2025 996 2052 et
1015 2030 1118 2059 seqq.;
1137 2020 1273 2052 Aeneia.

139 2061 224 2097 vm,
246 2061 308 2092 415
330 2064 363 2093 et
383 2070 469 2100 seqq.

200 2114 245 2154 (2)
264 2116 380 2146 Ausus
400 2115 518 2146 habore
539 2115 637 2146 deum
658 2115 771 2147 solam.
795 2116 834 2148 V.
856 2115 932 2148 Sar.
954 2125 984 2147 0.
1009 2116 1086 2147 x111.
