1566 2482
347 178 350 181 ’
413 193 558 223 coma
587 190 784 221 ermom
810 188 1024 219 ommonem
1158 196 1162 198 -
1203 177 1282 216 223

200 304 292 353 Quis
318 303 477 351 dubitet,
506 302 605 342 vieto
631 300 803 350 fragilem
830 299 1009 338 laeessere
1026 297 1126 344 visu,

199 360 358 408 Vimque
384 357 566 406 fatigatae
591 355 730 394 mentis
755 354 826 392 sub
851 353 996 402 pectore
1022 363 1138 400 parvo

200 412 372 459 Turbati,
402 410 650 458 invalidisque
677 409 845 447 hebetem
872 406 1107 446 succumbere
1134 405 1261 444 curis?

201 467 272 506 Sed
298 465 422 504 facilis
440 464 545 503 Fidei
564 469 627 502 via
652 463 841 511 provocat,
872 459 1158 508 omnipotentem

202 520 368 567 Credere,
398 518 463 568 qui
489 519 587 557 bona
612 527 689 555 non
723 517 873 554 tantum
910 513 1124 562 praesentia
1156 513 1286 559 donat,

201 574 272 612 Sed
298 574 457 613 ventura
483 571 611 617 etiam,
642 569 837 618 longisque
864 567 1065 606 intermina
1093 566 1226 606 saeclis

203 627 415 673 Promittit;
444 637 492 664 ne
519 626 620 664 totus
647 634 730 662 eam
748 623 933 661 resolutus
961 621 1073 659 inane

202 682 251 720 Ι11
277 681 452 727 nihilum,
473 689 691 728 pereamque
710 677 855 715 brevem
878 677 964 723 post
981 674 1135 713 luminis
1163 685 1286 712 usum.

203 735 370 773 Muneris
395 735 564 772 auctores
582 732 663 780 ipso
683 731 727 769 de
755 741 904 768 munere
922 729 1078 777 pendas.

203 790 367 827 Aeterna
392 789 565 826 aeternus
590 785 738 830 tribuit,
768 783 940 822 mortalia
966 782 1110 821 confert
1207 779 1284 818 110

203 841 395 880 Mortalis:
426 840 556 879 divina
583 839 697 886 Deus,
725 839 889 886 peritura
916 837 1093 875 caducus.

205 895 354 942 Omnia,
375 899 468 943 quae
484 894 631 941 tempus
648 891 808 940 peragit,
830 902 995 939 quaeque
1013 889 1135 927 exitus
1153 887 1288 934 aufert,

205 949 306 987 Vilia
332 949 423 988 sunt
447 947 630 986 brevitate
658 945 731 992 sui,
762 956 830 983 nec
858 944 973 993 digna
999 942 1154 991 perenni

205 1002 414 1051 Largitore‚
444 1001 503 1040 cui
531 1000 680 1049 propria
707 1000 765 1037 est
797 998 1004 1046 opulentia,
1035 1006 1239 1044 numquam

203 1056 394 1102 Desinere,
414 1055 524 1103 idque
543 1052 685 1092 homini
704 1052 807 1099 dare,
829 1052 926 1100 quod
949 1062 1026 1089 non
1045 1049 1194 1089 desinat
1211 1060 1290 1087 um-

979 1115 1091 1153 quam
1112 1103 1181 1151 (1).
1214 1102 1291 1140 115

203 1164 303 1202 Nam
333 1162 366 1201 si
392 1162 620 1210 corruptum,
650 1159 1002 1207 corrumpendumve
1021 1159 1123 1197 Deus
1149 1155 1239 1206 quid

205 1218 368 1263 Prestat,
399 1216 582 1263 habetque
610 1213 722 1260 nihil,
751 1213 849 1262 quod
881 1213 932 1251 sit
958 1211 1156 1261 pretiosius
1182 1209 1267 1248 istis
1281 1223 1303 1247 :-

205 1272 364 1318 Pauper,
395 1271 433 1308 et
468 1269 653 1314 infirmus,
684 1269 722 1305 et
748 1278 891 1306 summo
924 1266 1104 1314 indignus
1138 1264 1290 1310 honore,

203 1326 254 1363 Et
279 1335 355 1362 non
383 1323 631 1371 omnipotens,
653 1321 717 1359 sed
736 1320 863 1359 inanis
887 1319 1054 1358 numinis
1070 1318 1202 1356 umbra
1220 1318 1291 1355 est.

206 1379 289 1416 Hac
318 1377 461 1416 ratione
489 1376 599 1414 Fides
628 1374 816 1422 sapienter
841 1373 1008 1420 coniicit,
1038 1373 1151 1411 immo
1179 1389 1183 1393 ·
1215 1370 1292 1408 120

206 1432 293 1470 Non
321 1431 482 1476 dubitat,
503 1441 629 1468 verum
657 1440 736 1467 esse
766 1429 898 1475 Deum,
920 1427 998 1475 qui,
1020 1426 1118 1475 quod
1147 1436 1290 1468 sumu&

1129 1481 1167 1517 et
1193 1478 1291 1526 quod

208 1538 394 1583 Vivimus,
425 1537 609 1574 inlaesum
636 1546 778 1582 semper
806 1534 898 1580 fore,
929 1534 962 1572 si
989 1477 1212 1578 mereainun

208 1592 289 1630 Nos
316 1602 462 1638 sperare
490 1590 606 1628 iubet.
639 1587 822 1627 Caelestia
862 1587 894 1625 si
922 1587 1058 1635 placet,
1098 1585 1238 1634 inquit,

208 1645 405 1690 Scandere,
425 1646 593 1683 terrenas
612 1642 736 1681 animo
755 1640 927 1689 depellite
946 1652 1071 1679 curas.

208 1700 308 1737 Nam
335 1698 517 1747 quantum
536 1696 702 1735 subiecta
722 1695 797 1734 situ
816 1695 928 1733 tellus
950 1696 999 1742 (2)
1021 1694 1117 1732 iacet
1144 1691 1259 1739 infra,

218 1806 265 1845 (1)
280 1813 454 1844 nunquam
468 1803 626 1835 Desinere
636 1803 733 1842 idque
747 1802 875 1832 homini
888 1802 981 1835 dare.
995 1801 1079 1842 quod
1089 1810 1156 1830 non
1167 1800 1299 1830 desinat

157 1857 318 1887 unquam.
342 1848 376 1878 S.
398 1853 528 1878 avovsr.
552 1845 652 1877 Serm.
669 1845 730 1876 158
744 1845 782 1876 de
798 1845 891 1876 Verb.
907 1843 1049 1882 Apostoli
1063 1843 1196 1874 Roman.
1211 1841 1298 1877 vm,

157 1890 189 1925 4,
214 1891 232 1921 7
253 1890 318 1920 ait:
350 1899 369 1918 «
391 1888 524 1918 omnino
543 1897 593 1918 me
614 1896 679 1917 non
699 1888 839 1917 satiaret
861 1886 968 1923 Deus,
995 1886 1066 1916 nisi
1086 1884 1299 1924 promitteret

157 1931 242 1961 mihi
260 1932 406 1971 seipsum
428 1929 534 1959 Deum
556 1939 586 1961 ».
616 1929 729 1959 Totum
762 1928 884 1967 perlege
911 1927 1092 1959 Sermonem
1112 1925 1214 1956 sancti
1241 1925 1297 1956 do-

157 1974 269 2008 ctoris;
293 1973 347 2003 sed
367 1980 428 2002 non
450 1970 678 2010 praetereunda
691 1971 875 2002 Enarratio
887 1970 955 2000 eius
970 1970 1003 1999 in
1025 1969 1076 2000 Ps.
1096 1968 1169 2004 111,
1183 1967 1238 1998 ubi
1258 1966 1298 1998 (le

157 2015 298 2045 omnibus
318 2014 411 2044 rebus
430 2013 560 2044 disserit
578 2012 772 2051 eloquenter,
794 2020 874 2050 quae
895 2012 933 2041 αι]
957 2011 1079 2041 animae
1108 2010 1293 2040 satietatem

157 2056 289 2089 minime
309 2055 483 2087 conserunt.

220 2097 432 2138 (metabimur
451 2097 522 2128 situ
540 2096 652 2131 tellus,
676 2096 842 2130 Wi-:rrsws‚
866 2095 969 2126 Annvs
997 2094 1032 2125 et
1051 2092 1125 2124 alii:
1148 2092 1296 2124 subiecta

154 2141 245 2178 polo,
265 2148 343 2178 quae
364 2139 460 2170 lectio
480 2138 636 2177 reperitur
657 2138 690 2168 in
712 2137 896 2175 quibusdam
918 2144 1009 2170 mss,
1030 2135 1158 2168 nostris,
