1566 2482
607 183 830 212 Aro'rfflzost
1244 170 1294 207 29

149 307 200 347 Et
226 305 341 351 Deus,
371 303 408 341 et
435 300 596 351 genitor,
625 299 838 347 lumenque,
869 297 906 335 et
933 295 1054 345 gloria
1073 291 1225 343 'semper

151 361 221 401 Ille
247 358 342 404 fuit3
373 367 440 395 nec
467 355 552 403 post
579 353 652 392 sibi
679 351 852 399 contulit,
881 352 925 389 ut
953 351 1064 388 Pater
1092 349 1204 388 esset.

150 415 210 454 Sic
236 414 295 460 fit,
325 411 368 450 ut
395 411 587 448 aeternum
615 407 807 445 credamus
834 416 919 444 cum
947 405 1058 442 Patre
1088 402 1294 447 Christum,

151 468 226 508 Hlo
253 466 401 505 auctore
430 464 568 509 satum,
598 461 659 500 cui
685 460 813 498 nullus
842 457 1004 508 praefuit
1031 458 1174 496 auctor.

153 523 257 561 Haec
282 521 326 565 tu
355 517 414 567 (1)
443 517 477 556 si
505 515 653 554 dubitas
681 513 762 552 nati
790 512 966 562 mysteria
995 510 1148 557 Christi,
1222 510 1302 547 290.

154 575 316 621 Perdite,
347 570 532 611 catholiea
559 580 636 608 non
663 580 702 606 es
730 567 774 605 de
802 567 923 615 plebe,
954 565 1020 604 sed
1046 576 1144 603 unus

154 631 210 668 De
237 638 349 677 grege
374 624 528 664 turifero
554 625 749 661 venerator
777 621 853 668 (2),
884 618 1152 658 Deucalionum

155 683 319 722 Devotus
346 679 468 728 cippo,
498 676 628 716 ficulni
654 677 692 714 et
718 674 858 723 stipitis
884 674 1017 712 unctor
1045 673 1120 721 (3).

155 733 405 784 Quiupetius
432 733 597 773 scrutare
613 729 694 773 ‚Dei
711 727 926 777 signacula.
945 726 986 765 in
1012 726 1093 774 ipso

158 785 517 834 Enntev'etustatis,
545 795 715 833 percurre
743 782 883 821 scrinia
909 780 1020 829 primi
1227 779 1303 815 ‘395

159 841 355 891 Scriptoris
393 841 476 889 (4):
521 850 630 887 quem
665 838 743 875 non
786 835 932 874 Bardus
973 835 1079 883 pater
1118 832 1176 881 (5)
1189 861 1200 878 ,
1239 832 1305 869 aut

1027 888 1137 936 [avus
1165 897 1301 934 augur,

162 950 303 989 Fabula
330 960 398 987 nee
426 946 560 986 veteris
589 945 725 991 famae,
757 955 824 982 nec
853 942 1007 992 garrula
1034 940 1177 988 nutrix,

206 1111 254 1151 (1)
283 1110 365 1140 Haec
388 1112 437 1145 tec,
463 1120 479 1136 α
502 1107 679 1138 Sabelliane
702 1117 731 1136 ».
754 1105 826 1137 Vot.
849 1106 968 1136 Glossa.

205 1154 252 1193 (2)
274 1160 365 1182 unm
393 1151 440 1180 De
458 1159 556 1189 yreqe
583 1149 725 1187 turifera
756 1150 935 1178 venerator.
958 1146 1005 1177 Tu
1026 1155 1105 1178 unus
1134 1154 1237 1177 eorum
1261 1153 1306 1180 eS‚

165 1197 218 1233 qui
247 1194 334 1224 falsis
363 1193 547 1229 religionum
574 1190 756 1221 numinibus
777 1190 830 1220 tus
858 1189 979 1220 adolere
1008 1188 1211 1220 consueveris.
1242 1186 1306 1217 Cfr.

164 1239 287 1268 Bau-m.
314 1235 442 1265 AdverS.
470 1234 554 1270 XLI,
570 1242 600 1263 c.
628 1233 682 1263 24.
711 1248 754 1255 —
783 1232 1021 1262 Deucalionum
1048 1231 1179 1261 devotus
1204 1230 1308 1266 cippo.

165 1280 224 1319 Qui
239 1276 467 1309 vetustissimos
482 1276 557 1306 deos
571 1275 746 1311 veneraris,
768 1282 785 1304 e
805 1274 891 1311 ligno
905 1273 1017 1304 factos.
1041 1273 1078 1303 In
1099 1270 1184 1318 Περὶ
1208 1269 1308 1315 Στεφ,

167 1328 280 1365 hymno
302 1325 331 1354 X
353 1324 394 1354 ad
415 1323 448 1356 S.
477 1323 609 1354 Roman.
634 1331 665 1352 v.
689 1321 763 1352 410.
788 1321 982 1352 Deucalionis
1010 1329 1136 1351 uxorem
1158 1322 1311 1350 memorat

167 1367 331 1407 Pyrrham,
356 1366 395 1396 ad
416 1364 625 1396 denotandum
646 1363 855 1394 vetustissimi
877 1363 1015 1393 numinis
1032 1363 1162 1394 cultum.

208 1410 254 1449 (3)
270 1408 386 1447 ficulni
407 1407 535 1446 stipitis
555 1408 686 1436 unctor.
707 1405 794 1436 Idola
816 1414 906 1442 saepe
926 1404 1059 1435 ficulnea
1073 1405 1177 1442 erant,
1201 1410 1308 1441 quam-

169 1460 263 1489 quam
273 1450 424 1481 Horatius
431 1450 576 1479 truncum
586 1447 730 1478 ficulnum
742 1446 854 1477 inutile
868 1447 985 1484 lignum
1002 1446 1082 1476 dicit
1099 1445 1129 1484 (1
1144 1445 1255 1480 Saus,
1265 1443 1310 1481 1).

167 1493 372 1530 Ungebantur
398 1491 548 1527 balsamo,
571 1490 680 1519 aliisve
704 1488 843 1519 odoratis
864 1489 1044 1525 unguentis,
1068 1488 1105 1518 ut
1118 1488 1231 1518 bonum
1246 1485 1312 1515 red·

169 1536 279 1566 dei-ent
298 1534 432 1570 odorem,
454 1531 711 1570 quemadmodum
732 1531 824 1561 notat
845 1530 1004 1560 Glossator
1033 1530 1126 1560 unius
1152 1527 1313 1560 Vaticani.

216 1576 265 1617 (4)
289 1576 418 1606 scrinia
444 1575 552 1615 primi
575 1573 768 1612 Scriptoris.
792 1571 915 1602 Scrinia
938 1573 1016 1602 sunt
1044 1572 1178 1609 areulae,
1200 1568 1312 1604 loculi,

172 1619 203 1649 in
227 1617 339 1655 quibus
361 1616 501 1652 chartae,
517 1615 638 1653 scripta
659 1614 864 1644 conderentur
884 1613 1060 1644 nonnullius
1080 1614 1191 1652 pretii3
1209 1615 1242 1645 et
1257 1622 1316 1656 με·
1370 1623 1373 1626 ’

171 1663 382 1705 τωνυμικῶς,
393 1658 524 1696 scripta,
540 1664 731 1694 quecumque
746 1655 794 1685 vel
809 1663 914 1693 prosa,
931 1655 979 1685 vel
1002 1655 1138 1686 numetis
1159 1656 1316 1689 adscricta

173 1708 324 1739 oratione.
346 1722 388 1728 —
406 1705 515 1744 primi
545 1704 732 1742 scriptoris.
771 1702 916 1733 Omnium
951 1702 1188 1739 antiquissimus
1211 1713 1316 1735 rerum

174 1750 374 1780 narratarum
386 1746 606 1786 pronuntiator
627 1745 760 1775 habetur
774 1744 900 1781 MoiseS,
926 1745 973 1774 uti
997 1744 1153 1775 testantur
1179 1745 1316 1777 Gnorrvs

175 1792 219 1822 De
254 1790 355 1821 Verit.
395 1788 567 1825 Religionis
603 1786 802 1818 Christianae
834 1786 871 1816 L.
905 1786 932 1823 I,
957 1786 976 1825 ξ
1003 1786 1072 1823 XV,
1095 1787 1128 1817 et
1155 1787 1315 1819 Lunum.

175 1834 275 1864 Bnn'n
303 1831 408 1862 Theol.
430 1830 518 1862 Tom.
533 1829 587 1860 IV.

219 1874 267 1915 (5)
291 1873 426 1903 Bardus
441 1875 552 1911 pater.
567 1871 687 1901 Bardus
709 1878 821 1908 graeca
842 1878 903 1900 vox
925 1868 1073 1916 Βαρδός,
1100 1871 1175 1907 quid
1195 1872 1319 1910 proprie

177 1923 210 1954 et
223 1922 320 1952 latine
343 1920 498 1958 significet
518 1919 608 1950 docet
628 1919 771 1949 va'rvs
793 1918 826 1948 in
848 1917 997 1948 Bacchid.
1021 1918 1058 1949 V.
1085 1918 1115 1955 1,
1139 1919 1170 1958 2,
1188 1919 1317 1950 ubisit:

179 1975 197 1993 «
213 1963 324 1999 Stulti,
345 1962 465 1998 stolidi,
480 1961 573 1998 fatui,
588 1959 688 1998 fungi,
704 1959 807 1996 bardi,
822 1959 938 1997 blenni,
953 1960 1101 1990 baccones
1118 1971 1148 1990 ».
1164 1960 1224 1991 Sed
1238 1961 1320 2000 apud

179 2005 282 2037 Gallos
302 2004 391 2034 bardi
412 2004 551 2042 poeticae
572 2003 636 2033 arti
650 2002 747 2033 dediti
759 2002 862 2038 erant,
886 2002 920 2032 et
933 2001 1071 2032 hostium
1086 2002 1221 2033 virorum
1237 2004 1321 2034 sacta

181 2055 289 2078 canere
303 2046 389 2076 soliti
411 2045 449 2075 V.
473 2045 591 2075 chAN.
618 2044 649 2081 1,
671 2043 745 2074 447.
768 2044 841 2074 Tria
862 2052 989 2080 genera,
1013 2043 1135 2074 scilicet
1150 2045 1234 2075 fuere
1250 2046 1318 2075 bar-

182 2090 306 2119 dorum:
332 2088 486 2124 Henages,
514 2086 648 2116 Druidae
676 2086 710 2116 et
730 2084 838 2118 Bardi.
862 2085 900 2116 V.
916 2085 1060 2117 Amnum.
1092 2086 1319 2117 MAncnnmnvm

183 2131 257 2162 Rer.
287 2130 409 2161 Gestar.
436 2129 470 2158 L.
495 2128 564 2164 XV,
590 2128 618 2159 9.
