1566 2482
637 0 1115 33 {rre'iz'ssssss-qzd'ffijss‘zfflssssd
1143 7 1146 10 ’
1167 23 1175 37 ἰ
1198 10 1214 21 ἰ

699 25 715 34 ,Α
782 22 792 28 ,
835 28 838 30 v
880 24 891 28 -
909 32 913 35 ἢ
948 24 973 34 -,
1008 28 1011 30 ,
1078 26 1100 30 s,
1166 23 1168 25 .

296 161 346 198 66
672 167 823 194 AVRELII
851 166 1050 194 PRVDENTII
1070 177 1078 180 -

297 282 404 321 Solus
430 282 539 320 homo
569 280 629 330 (1)
659 279 814 319 emeruit
842 279 991 319 Domini
1018 279 1211 319 formabile
1240 280 1370 318 dextra

299 337 351 376 Os
378 347 521 383 capere,
552 336 589 373 et
615 334 719 372 fabro
746 333 897 372 deitatis
924 333 1077 382 figmine
1094 332 1154 383 (2)
1175 333 1294 372 nasci.
1328 333 1430 372 1035

299 391 478 436 Quorsum
505 388 621 437 igitur
647 387 736 425 limo
764 388 872 424 tanta
898 386 1132 435 indulgentia
1160 388 1286 425 nostro

301 442 480 490 Contigit,
510 451 552 479 ut
581 440 730 479 Domini
758 440 929 478 manibus
957 441 1154 485 tractatus,
1184 440 1325 478 honora
1355 440 1414 489 (3)

300 497 389 533 Arte
419 506 521 533 sacer
548 495 665 540 fieret,
695 495 800 532 tactu
828 493 903 531 iam
930 493 1066 532 nobilis
1094 493 1202 540 ipso?

300 550 475 587 Decrerat
504 546 566 598 (4)
596 547 769 595 quoniam
797 547 984 585 Christum
1013 548 1112 585 Deus
1139 546 1350 594 incorrupto

300 602 514 641 Admiscere
543 601 640 639 solo:
674 600 813 639 sanctis
843 601 939 648 quod
968 601 1107 648 fingere
1135 600 1260 646 vellet,
1330 598 1434 638 1040

302 656 466 704 Dignum
494 655 639 700 habuit,
671 654 824 702 digitis3
856 654 893 691 et
919 665 1045 692 carum
1072 653 1226 691 condere
1253 652 1405 701 pignus.

303 708 482 747 Destituit
509 709 643 745 natura
671 707 819 755 quidem
848 707 1033 745 destructa
1061 708 1207 744 coactae

302 761 461 800 Telluris
488 761 657 807 formam,
688 760 870 808 mortique
897 760 1054 798 obnoxia
1081 759 1215 804 cessit3

304 816 374 853 Sed
401 815 536 852 natura
564 813 633 851 Dei
661 825 863 861 numquam
890 814 1080 859 solvenda,
1102 813 1278 851 caducam

304 868 485 907 Tellurem
512 868 638 906 nostro
666 866 837 905 vitiatam
854 866 1025 914 primitus
1043 878 1113 904 usu
1334 865 1437 904 1045

304 923 395 960 Esse
425 932 529 958 suam
558 920 688 968 voluit,
719 931 764 957 ne
793 920 867 957 iam
895 919 1075 957 vitiabilis
1103 920 1199 958 esset
1229 918 1304 968 (5).

306 974 476 1013 Christus
494 975 622 1012 nostra
641 984 724 1011 caro
744 975 822 1010 est:
844 973 935 1010 mihi
954 972 1109 1011 solvitur
1127 974 1164 1010 et
1183 972 1274 1010 mihi
1292 972 1436 1021 surgit3

305 1028 432 1066 Solvor
458 1028 574 1065 morte
602 1038 698 1074 mea,
730 1026 868 1064 Christi
895 1026 1030 1064 virtute
1058 1037 1222 1074 resurgo,

305 1082 424 1128 Quum
452 1081 603 1118 moritur
633 1080 818 1126 Christus,
849 1091 964 1128 quum
991 1079 1163 1116 flebiliter
1190 1079 1410 1125 tumulatur,

306 1135 366 1172 Me
384 1134 511 1172 video:
534 1145 552 1172 e
571 1133 712 1171 tumulo
732 1144 844 1180 quum
863 1133 939 1170 iam
952 1132 1160 1170 remeabilis
1179 1132 1317 1179 adstat,
1336 1131 1440 1171 1050

307 1189 424 1226 Cerno
454 1188 582 1225 Deum.
615 1187 652 1224 Si
679 1187 925 1224 membrorum
952 1186 1177 1233 phantasma
1204 1197 1367 1224 meorum
1385 1186 1443 1224 est

307 1242 357 1278 Et
375 1241 599 1288 phantasma
618 1239 686 1277 Dei
705 1241 782 1277 est:
804 1239 962 1277 mendax
975 1239 1015 1276 in
1034 1240 1187 1287 utroque
1202 1250 1349 1277 necesse
1367 1239 1438 1285 est,

308 1294 362 1332 Sit
391 1293 559 1331 Christus
588 1293 720 1340 specie,
752 1293 784 1331 si
814 1292 983 1331 Christus
1011 1292 1138 1330 fallere
1165 1292 1292 1330 novit:

309 1347 347 1385 Si
375 1358 449 1385 non
476 1358 585 1384 verus
613 1346 720 1384 homo
747 1347 817 1393 est,
849 1357 956 1394 quem
983 1356 1081 1384 mors
1100 1345 1284 1384 hominem
1312 1345 1444 1393 probat

1330 1396 1442 1449 lipsa,

310 1454 388 1491 Nec
403 1465 509 1491 verus
529 1454 628 1491 Deus
642 1453 698 1491 est
714 1451 790 1503 (6),
812 1452 931 1500 operis
946 1464 1053 1500 quem
1068 1451 1186 1500 gloria
1204 1451 1327 1499 prodit
1341 1451 1443 1490 1055

310 1508 400 1545 Esse
430 1507 560 1552 Deum3
591 1506 649 1544 vel
677 1506 781 1545 crede
808 1505 916 1553 mori,
946 1506 1005 1543 vel
1034 1506 1161 1544 adesse
1179 1505 1318 1552 refelle,

374 1683 418 1720 (1)
442 1683 536 1712 Solus
558 1683 660 1713 homo.
685 1682 732 1712 En
747 1682 882 1715 hominis
898 1682 1123 1720 praestantiam
1139 1690 1211 1720 prae
1227 1681 1340 1712 ceteris
1355 1681 1446 1712 rebus

311 1725 436 1755 creatis.

376 1766 430 1804 (2)·
441 1765 536 1803 fabro
556 1766 702 1802 simulne.
726 1764 855 1802 Quidam
882 1765 991 1802 legunt
1011 1764 1144 1802 flab'ro,·
1165 1764 1218 1794 sed
1242 1765 1394 1794 Hamsws
1415 1771 1447 1793 a·

311 1807 404 1838 (lieet.
430 1815 533 1837 vocem
555 1807 646 1844 fabro
663 1809 802 1844 usurpat,
827 1815 896 1836 cum
919 1815 980 1843 qua
1001 1807 1134 1836 lectione
1163 1805 1226 1836 sere
1258 1814 1365 1835 omnes
1389 1806 1446 1835 Va·

311 1849 386 1880 tice.
404 1848 497 1879 Codd.
523 1848 720 1878 concordant.

376 1889 421 1928 (3)
443 1890 584 1925 honora,
616 1889 800 1924 honorifica,
839 1889 952 1919 honore
985 1889 1090 1925 digna.
1122 1888 1159 1920 Α.
1195 1889 1382 1919 Mszomvs
1414 1889 1447 1918 in

312 1931 443 1969 hymno:
469 1931 502 1960 Il
522 1932 654 1965 Natale.
679 1931 783 1962 cauit:
807 1941 825 1958 «
843 1930 869 1960 A
883 1932 971 1960 tanto
993 1939 1066 1960 onor
1087 1931 1210 1960 sortilla
1232 1941 1263 1962 ».

375 1973 424 2010 (4)
446 1973 604 2008 decrerat,
627 1980 718 2010 sync.*
737 1972 926 2003 decreverat.
950 1989 992 1993 ——
1015 1973 1103 2002 Vers.
1125 1972 1322 2010 spondaicus.

379 2015 423 2050 45)
445 2023 485 2043 ne
506 2015 574 2043 iam
596 2014 756 2044 vitiabilis
775 2016 864 2044 esset.
882 2014 918 2045 V.
936 2012 968 2045 S.
986 2014 1083 2045 PAvL.
1101 2014 1139 2043 ad
1151 2013 1293 2045 Corinth.
1310 2012 1380 2049 XV,
1394 2012 1446 2044 53.

379 2055 424 2092 (6)
447 2055 511 2084 Nee
533 2057 622 2085 Deus
643 2064 737 2086 verus
756 2058 813 2087 est.
836 2055 887 2085 Ita
902 2055 1017 2087 Tuum„
1041 2055 1100 2085 Sed
1117 2055 1233 2092 G1sun„
1250 2062 1338 2091 quem
1354 2053 1446 2084 metri

317 2105 407 2125 causa
430 2097 579 2135 adprobo:
604 2098 668 2126 Nec
690 2105 784 2126 verus
804 2097 893 2126 Deus
914 2099 969 2127 est.
