1566 2482
2 1773 22 1930 ἓ

3 1930 26 1956 β.

4 1969 14 1984 5.

391 170 430 197 m
458 167 775 196 mmm-maman
805 164 1014 194 PRAEFATIO
1065 175 1070 180 -

132 283 251 319 Prave
278 289 467 326 sacrorum
496 276 735 325 disciplinam
762 275 922 321 dividat,

132 334 297 372 Mactare
324 333 413 370 dum
440 343 480 373 se
507 332 595 370 vota
621 331 748 369 censet
774 329 925 387 rectius7
1222 328 1272 366 35

131 388 297 426 Marcion
327 386 403 436 (1),
433 386 515 424 arvi
542 385 662 424 forma
687 383 972 432 corruptissimi,

131 443 248 481 Docet
275 441 410 479 Duitas
439 440 498 489 (2)
527 439 738 486 discrepare
766 449 790 475 a
817 436 968 485 spiritu,

112 495 421 547 ‘contaminatae
448 494 547 532 dona
573 492 699 532 carnis
727 492 898 538 offerens,

131 550 181 588 Et
208 548 436 598 segregatim
464 548 614 586 Numen
642 547 835 584 aeternum
862 544 1011 589 colens;

129 603 200 650 Qui
228 604 261 641 si
289 602 471 651 quiescat,
502 599 570 639 nec
598 601 811 639 monentem
839 598 1026 647 negligat,
1222 597 1274 634 40

131 659 267 696 Pacem
294 656 420 704 quieta
447 655 585 704 diligat
611 653 860 702 germanitas,

133 711 259 749 Unum
287 711 399 759 atque
427 710 554 748 vivum
582 708 687 747 fassa
713 707 882 746 vivorum
910 706 1045 746 Deum.

134 765 208 804 Hic
236 777 276 803 se
302 765 442 803 caduco
472 764 531 813 (3)
562 763 738 801 dedicans
765 760 957 810 mysterio,

132 820 321 858 Summam
347 817 527 866 profanus
541 816 700 860 -dividit
717 814 986 860 substantiam,
1075 859 1077 861 ι

134 873 278 911 Malum
304 873 516 919 bonumque
545 883 612 909 ceu
641 871 797 913 duorum
815 875 1004 916 ,separans
1225 862 1275 903 40

134 928 306 976 Regnum
334 926 511 972 Deorum,
542 926 690 973 sceptra
717 922 918 962 committit
944 922 1032 967 duo,

134 982 254 1020 Deum
280 991 360 1019 esse
387 979 555 1026 credens,
586 989 695 1027 quem
721 977 860 1015 fatetur
886 975 1121 1023 pessimum.-

135 1034 229 1074 Cain
256 1034 431 1072 cruentus
460 1033 537 1082 (4),
566 1031 726 1070 unitatis
751 1030 918 1077 invidus,

134 1088 268 1127 Mundi
294 1087 462 1134 colonus,
492 1086 703 1125 immolator
729 1085 947 1134 squalidus:

135 1142 250 1181 Cuius
276 1141 432 1180 litamen
460 1141 585 1179 sordet
611 1141 649 1179 et
675 1141 811 1178 terram
840 1138 954 1187 sapit,
1228 1136 1278 1173 50

136 1197 287 1235 Terram
315 1195 447 1234 caduci
474 1195 654 1242 corporis,
685 1205 819 1232 venam
846 1193 1009 1241 putrem,

136 1251 299 1288 Humore
326 1250 441 1288 denso
467 1249 732 1297 conglobatam
759 1248 796 1286 et
822 1246 994 1295 pulvere:

137 1305 286 1342 Natura
312 1303 419 1342 cuius
445 1302 576 1340 fraude
604 1302 712 1340 floret
738 1300 870 1347 fertili,

136 1358 312 1397 Fecunda
337 1356 500 1396 fundens
526 1355 720 1395 noxiorum
747 1353 940 1401 crimina‚·'

201 1482 245 1522 (1)
271 1483 434 1513 Marcion.
458 1483 517 1512 Hic
539 1491 559 1512 a
581 1482 681 1519 patre,
720 1480 771 1517 qui
788 1480 851 1510 fuit
871 1479 1045 1518 episcopus,
1069 1479 1107 1508 ob
1129 1478 1280 1516 pessimos

138 1533 237 1555 mores
258 1533 275 1555 e
297 1525 545 1555 Christianorum
567 1524 635 1554 albo
657 1531 776 1562 erasus,
801 1523 838 1552 ut
869 1522 987 1551 crimen
1019 1530 1039 1551 a
1059 1529 1093 1550 se
1122 1520 1280 1550 averteret

105 1581 107 1583 ·
139 1567 325 1606 impietatis,
349 1567 456 1597 docuit
475 1574 566 1604 posse
588 1565 733 1595 mortales
755 1565 851 1594 Deum
879 1571 959 1601 pura
988 1563 1092 1592 mente
1121 1561 1278 1601 venerari,

138 1609 215 1639 licet
235 1617 346 1646 corpus
367 1617 457 1638 suum
478 1607 670 1645 voluptatum
693 1615 788 1636 caeno
810 1604 986 1643 inquinent.

181 1650 226 1689 (2)
245 1651 382 1686 Ducitas,
410 1650 476 1679 ‹rt-'s
489 1649 512 1679 f.
524 1650 619 1686 sing.;
637 1650 671 1679 et
685 1648 808 1681 auitae.
824 1656 924 1676 arum
936 1655 978 1677 m.
996 1646 1037 1684 pl.
1052 1654 1114 1675 non
1139 1645 1214 1675 sunt
1228 1653 1279 1674 vo·

139 1700 202 1727 ves.
215 1693 262 1723 uti
279 1693 412 1722 affirmat
426 1692 452 1723 1.
469 1692 638 1725 Tamum,
656 1690 747 1720 fictae
761 1699 779 1719 a
802 1688 984 1724 Prudentio,
1006 1687 1060 1718 sed
1075 1696 1114 1717 ex
1128 1686 1280 1717 Ammo

139 1734 284 1765 Lausum:
317 1734 477 1764 derivatae
501 1733 552 1771 (V.
574 1733 702 1770 Diyest.
726 1732 764 1767 L,
788 1731 839 1767 16,
862 1729 964 1769 242);
993 1730 1094 1767 iisque
1126 1729 1173 1758 usi
1206 1730 1281 1758 sunt

139 1776 356 1811 Marcionitae,
375 1776 426 1805 ruti
441 1775 517 1805 duos
534 1776 612 1805 Deos
627 1774 881 1804 demonstrarent
901 1780 981 1808 esse,
1003 1772 1152 1802 bonorum
1174 1771 1280 1800 aucto-

140 1826 205 1848 rem
227 1817 373 1851 alterum.
397 1817 533 1847 alterum
554 1824 627 1846 vero
648 1816 812 1846 malorum.
836 1815 903 1844 Hac
931 1814 970 1844 de
992 1822 1086 1843 causa
1114 1812 1174 1851 ipsi
1197 1812 1279 1842 Mar-

140 1859 276 1891 cionitae
298 1859 376 1890 dicti
397 1859 471 1889 sunt
491 1859 628 1889 Duitae.

183 1901 228 1939 (3)
249 1901 314 1932 Hic
334 1910 368 1932 se
388 1900 508 1930 caduco
530 1901 592 1931 etc.
615 1899 692 1930 Post
707 1899 790 1929 hun»,
811 1905 895 1928 xmn
920 1897 953 1927 in
981 1896 1124 1927 stnmn
1145 1895 1282 1934 parisina

124 1943 276 1974 *editione
297 1943 428 1980 legimus
450 1943 538 1972 uncis
559 1941 712 1972 inclusum
734 1940 946 1970 huiuscemodi
967 1947 1092 1969 versum
1103 1937 1216 1976 («Hic,
1228 1936 1280 1974 qui

141 1985 248 2015 onduei
264 1993 328 2015 rem
343 1985 458 2014 laboris
472 1984 601 2015 offerens
609 1985 652 2019 »).
669 1982 840 2013 Nonnullae
855 1982 949 2012 editt.
967 1989 1036 2011 eum
1049 1980 1217 2018 recipiunt:
1228 1978 1282 2009 sed

141 2027 280 2065 plerique
311 2034 418 2056 omnes
442 2027 604 2064 tamquam
628 2034 667 2055 ex
692 2025 795 2063 priore
823 2023 904 2053 male
931 2023 1087 2053 edolatum
1116 2022 1280 2060 respuunt.

142 2068 245 2099 Ar.nvs
266 2068 396 2098 missum
418 2067 534 2098 faciens
555 2068 710 2104 integram
728 2065 887 2104 periodum
910 2065 942 2094 in
958 2065 1034 2095 duas
1055 2064 1163 2103 partes
1183 2063 1280 2093 secat.

184 2110 230 2149 (4)
252 2110 336 2141 Cain
357 2112 540 2141 cruentus.-
563 2109 713 2139 Marcion.
