1566 2482
1166 58 1187 62 ,‚
1214 54 1235 68 Ὗ.
1252 53 1260 63 3
1304 54 1322 65 f(
1335 54 1354 69 ἢ.

1180 71 1185 73 Α
1212 66 1289 87 Ἀντκ.
1298 67 1367 83 ....

663 187 816 216 AVRELII
843 187 1049 217 PRVDEN'I'II

292 175 368 217 158

286 297 503 346 Multiplici,
534 297 656 336 media
686 308 902 346 camporum
927 298 969 337 in
997 297 1122 348 strage
1149 298 1325 339 iacebant

286 353 378 401 Ipsa
405 351 595 391 redimitos
623 351 705 390 olea
731 351 926 391 frondente
956 352 1112 401 capillos

288 406 509 453 Ostentans,
539 405 646 444 festis
672 405 871 454 respondet
896 405 997 444 laeta
1021 406 1179 446 choreis.
1210 439 1212 442 ,

287 459 358 499 Sed
386 459 502 498 sicam
530 458 599 503 sub
626 458 728 498 veste
754 459 864 508 tegit,
894 460 946 507 te,
977 460 1142 499 maxima
1167 460 1313 511 Virtus,
1353 462 1430 504 690

285 514 335 552 Te
364 513 482 551 solam
509 513 616 551 tanto
644 524 663 551 e
690 524 856 561 numero,
888 513 1107 562 Concordia,
1137 513 1242 554 tristi

286 567 430 605 Fraude
458 568 601 616 petens.
633 566 703 605 Sed
731 578 808 605 non
835 566 968 605 vitalia
995 579 1163 616 rumpere
1191 569 1289 607 sacri

288 620 459 669 Corporis
488 621 545 659 est
570 619 731 667 licitum,
762 632 905 659 summo
932 622 1042 660 tenus
1071 621 1210 660 extima
1236 624 1342 662 tactu

286 675 406 713 Laesa
435 674 533 713 cutis
561 675 711 712 tenuem
739 674 907 722 signavit
935 675 1118 723 sanguine
1146 675 1282 715 rivum.

286 728 484 767 Exclamat
525 727 656 767 Virtus
698 727 821 766 subito
861 727 1035 767 turbata:
1080 750 1133 756 —
1162 743 1185 767 «
1226 730 1317 779 quid
1362 731 1432 770 hoc

1212 785 1297 823 est?
1352 785 1429 824 695

253 879 256 883 ,
285 835 386 881 Quae
406 846 541 873 manus
569 833 629 873 hic
657 833 812 874 inimica
838 834 958 874 latet?
986 847 1079 884 quae
1107 781 1282 885 prospera
1301 838 1432 877 nostra

286 889 490 935 Vulnerat,
522 890 558 926 et
586 887 724 926 ferrum
750 890 859 927 tanta
885 889 983 927 inter
1009 890 1149 938 gaudia
1178 891 1326 931 vibrat?

285 943 380 989 Quid
408 942 514 981 iuvat
541 941 741 981 indomitos
767 942 866 982 bello
893 943 1044 982 sedasse
1072 943 1228 992 furores,

284 996 334 1034 Et
361 997 534 1034 sanctum
562 995 666 1034 vitiis
693 996 935 1044 pereuntibus
963 1008 1070 1035 omne
1098 999 1300 1047 receptum,

283 1049 322 1087 Si
341 1049 471 1088 Virtus
491 1049 560 1088 sub
578 1061 668 1098 pace
688 1050 814 1088 cadit?
843 1063 866 1086 »
895 1071 948 1077 -
966 1050 1123 1099 Trepida
1152 1052 1305 1100 agmina
1332 1063 1429 1090 moe-

1220 1106 1298 1144 stos
1355 1107 1430 1146 700

285 1156 508 1194 Convertere
537 1155 685 1194 oculos:
718 1156 886 1194 stillabat
917 1156 1082 1195 vulneris
1107 1103 1219 1196 indei'i

284 1210 438 1248 Ferrata
466 1209 509 1247 de
538 1211 638 1248 veste
666 1221 787 1257 cruor,
818 1221 902 1248 mox
929 1211 966 1248 et
992 1222 1109 1258 pavor
1136 1212 1280 1251 hostem

285 1263 499 1302 Comminus
528 1263 741 1301 adstantem
768 1263 913 1312 prodit:
944 1275 1033 1302 nam
1059 1265 1180 1312 pallor
1206 1265 1247 1303 in
1274 1277 1350 1314 ore,

285 1316 464 1355 Conscius
492 1316 645 1355 audacis
672 1317 780 1364 facti,
812 1317 876 1355 dat
904 1317 1016 1365 signa
1043 1319 1192 1358 reatus:

285 1371 336 1409 Et
364 1370 546 1418 deprensa
577 1371 742 1409 tremunt
776 1370 963 1420 languens
999 1383 1149 1420 manus,
1179 1373 1216 1410 et
1247 1373 1347 1412 color
1373 1372 1428 1412 al-

1213 1426 1319 1465 bens.
1352 1427 1428 1466 705

284 1477 511 1516 Circumstat
538 1489 688 1526 propere
718 1477 859 1516 strictis
887 1478 1124 1517 mucronibus
1152 1424 1273 1518 oninis

283 1531 475 1571 Virtutum
498 1531 615 1580 legio,
646 1531 842 1580 exquirens
871 1531 1034 1570 fervente
1061 1532 1227 1572 tumultu

282 1586 332 1624 Et
359 1597 494 1633 genus,
526 1586 563 1623 et
590 1596 746 1633 nomen,
776 1585 958 1633 patriam,
989 1587 1219 1635 sectamque,
1249 1587 1427 1637 deumque

283 1640 401 1685 Quem
428 1639 540 1686 colat,
572 1640 609 1677 et
635 1639 753 1678 missu
781 1638 915 1677 cuiatis
942 1639 1098 1678 venerit.
1128 1640 1204 1678 Illa

264 1692 513 1740 Exsanguis,
543 1693 717 1731 turbante
745 1694 866 1730 metu:
900 1705 977 1728 —«
994 1693 1189 1732 Discordia
1209 1694 1323 1742 dicor,
1351 1693 1427 1734 710

282 1746 534 1794 Cognomento
548 1746 700 1785 Heresis
713 1745 787 1796 (1);
812 1747 912 1784 Deus
928 1748 985 1785 est
998 1747 1092 1785 mihi
1103 1747 1276 1795 discolor,
1288 1747 1424 1796 inquit.

283 1800 397 1838 Nunc
423 1798 560 1847 minor,
583 1801 648 1838 aut
675 1799 813 1838 maior:
845 1800 951 1838 modo
980 1800 1128 1848 duplex,
1151 1802 1187 1839 et
1212 1801 1426 1906 100ᾱῖ81111-

1315 1854 1424 1903 plex:

325 1964 369 2003 (1)
392 1965 601 2003 Coynomento
615 1966 782 1997 Haeresis.
796 1963 952 2002 HaereSis,
966 1965 1003 1996 ab
1019 1963 1137 2012 αἱρέω,
1161 1967 1253 2004 eligo,
1266 1967 1365 1999 latine
1379 1968 1428 1999 est

281 2013 404 2050 electio,
416 2009 547 2051 opinio:
572 2014 652 2053 apud
667 2013 860 2045 Christianos
875 2015 978 2044 tamen
994 2014 1043 2044 ost
1062 2015 1167 2052 opinio
1181 2014 1353 2045 catholicae
1374 2013 1425 2045 do·

282 2055 403 2085 ctrinae
425 2054 602 2086 contraria:
628 2056 675 2087 uti
687 2055 822 2086 haeresis
839 2055 970 2090 Ariana,
987 2055 1190 2093 Eutichiana,
1203 2057 1265 2087 etc.
1282 2073 1321 2079 —
1336 2056 1426 2086 Deus

282 2099 329 2125 est
351 2097 434 2125 mihi
455 2097 606 2134 discolor,
629 2098 754 2136 propter
768 2097 905 2128 diversos
927 2097 1041 2128 colores
1063 2098 1208 2129 differens
1229 2098 1278 2129 est
1298 2097 1425 2134 mihist

281 2137 449 2168 dissimilis
473 2139 565 2170 Deus.
