1566 2482
616 195 709 224 Aro‘r
716 196 846 225 nesus
1058 233 1063 238 ‚
1252 186 1303 229 51

151 313 306 361 Corpore
333 311 404 351 sub
429 311 577 360 proprio
604 312 812 352 monstrare
839 313 1052 353 errantibus
1080 314 1221 364 aegris.

150 366 320 409 Millibus
338 378 391 409 ex
418 365 812 414 mullsslsfflpaucissima
826 369 1200 417 negauerat-exam,

151 419 355 460 Eanllatim
379 420 568 468 relegens,
587 421 691 465 totus,
699 432 805 469 Quae
823 432 898 460 non
918 421 1020 470 capit
1047 423 1161 469 orbis.
1221 424 1297 463 705

153 473 321 522 Quinque
349 473 390 511 in
418 473 562 512 deserto
589 485 707 522 panes
733 475 847 522 iubet,
878 475 917 514 et
944 476 1016 514 duo
1042 476 1164 524 pisces
1184 477 1245 527 (1)

152 527 302 576 Adponi
328 527 369 565 in
396 528 547 576 pastum
574 528 735 577 populis,
767 528 832 577 qui
858 527 952 568 forte
979 530 1200 579 magistrum

142 582 239 620 Non
266 582 462 620 revocante
488 581 601 630 fame,
631 581 825 630 stipabant
850 583 1015 632 undique
1034 585 1228 633 saeptum,

151 635 462 684 Immemoresque
489 635 578 683 cibi,
608 635 725 683 vicos,
754 636 925 684 castella,
957 638 1170 686 macellum,

152 688 312 737 Oppida,
342 690 543 736 mercatus,
573 691 612 727 et
638 689 901 738 conciliabula,
932 693 969 730 et
995 692 1107 731 urbes
1217 691 1294 732 710

151 743 400 790 Respuerant,
430 742 538 791 largo
564 743 731 782 contenti
759 744 1095 793 dogmatejesuin

152 796 274 834 Multa
302 796 424 834 virum
454 796 515 846 (2)
535 793 653 835 strato
680 797 827 836 fervent
853 798 1026 838 convivia
1053 799 1154 847 feno,

150 849 334 888 Centenos
363 849 474 888 simul
502 850 697 889 accubitus
723 851 840 890 iniere
868 852 1034 899 sodales;

149 903 265 951 Seque
292 914 357 951 per
383 903 600 943 innumeras
627 904 832 943 infundunt
858 906 1013 955 agmina
1039 918 1204 955 mensas,

148 956 344 995 Pisciculis
373 956 466 1005 (iam
484 958 590 996 crede
609 958 744 1009 Deum)
775 957 982 998 saturanda
1009 961 1167 1008 duobus,
1219 961 1295 1000 715

146 1011 196 1049 Et
222 1010 380 1058 paucis,·
398 1012 584 1049 crescente
611 1011 708 1059 cibo,
739 1024 805 1060 per
831 1013 1021 1062 frag-mina
1048 1015 1200 1054 crustis.

146 1064 319 1102 Ambesis
346 1064 504 1113 dapibus
531 1065 750 1112 cumulatim
777 1067 934 1115 adgesta
961 1068 1174 1107 redundant

0 1150 17 1158 f
145 1117 314 1164 Fercula,
345 1116 515 1157 bissenos
542 1119 723 1158 micarum
751 1121 911 1160 molibus
939 1121 1098 1170 implent

61 1208 80 1233 ἓ
146 1172 236 1209 Post
263 1182 417 1210 coenam
443 1173 644 1220 cophinos:
675 1175 812 1213 crudus
839 1175 998 1214 conviva
1025 1176 1178 1214 resudat

74 1240 79 1245 ·
106 1209 130 1251 ἱ
146 1225 362 1274 congeriem
384 1225 539 1273 ventris,
560 1227 675 1275 gemit
702 1229 740 1266 et
758 1228 827 1266 sub
845 1229 945 1267 fasce
972 1229 1156 1268 minister.
1216 1230 1292 1269 720

0 1280 3 1281 ’
146 1278 236 1325 Quis
262 1279 451 1318 cumulare
478 1282 600 1328 potest
626 1281 756 1330 epulas
783 1282 824 1320 in
853 1283 1012 1332 grandia
1039 1285 1204 1332 parvas?

104 1370 107 1372 ,
146 1332 250 1378 Quis,
268 1332 343 1371 nisi
356 1333 419 1381 qui
433 1344 579 1382 corpus,
595 1336 746 1383 pastum
759 1347 902 1386 quoque
917 1337 1078 1385 corporis
1093 1349 1239 1376 omnem

146 1386 316 1424 condens
343 1398 388 1424 ex
415 1387 548 1435 nihilo,
580 1388 686 1427 nulla
713 1390 894 1429 existente
922 1391 1064 1430 creavit

145 1439 325 1478 Mundum
353 1441 536 1479 materia?
564 1453 640 1481 non
668 1442 766 1482 sicut
792 1444 957 1493 sculptor
984 1445 1033 1483 ab
1059 1445 1156 1484 aeris

145 1493 287 1531 Rudere
316 1494 503 1532 decoctam
521 1496 730 1535 consuescit
757 1497 880 1537 vivere
898 1510 1064 1537 massam
1084 1499 1179 1548 (3).‘
1212 1499 1288 1538 725

145 1546 214 1583 Sed
241 1547 341 1585 Deus
368 1548 599 1596 omnipotens
627 1551 751 1588 orbem
778 1551 859 1590 sine
887 1552 1026 1590 semine
1054 1554 1178 1591 finxit.

143 1599 211 1637 Nil
237 1601 316 1638 erat
342 1611 449 1639 omne
476 1603 574 1650 quod
601 1605 679 1642 est:
710 1604 768 1642 nil
792 1605 846 1651 id,
876 1607 1068 1654 procedere
1096 1608 1134 1645 et
1160 1619 1256 1658 esse,

144 1653 267 1702 Amne
286 1664 424 1693 novum
443 1655 537 1704 fieri,
559 1667 644 1695 mox
662 1658 699 1696 et
720 1658 977 1707 grandescere,
998 1660 1142 1699 iussum
1160 1662 1230 1700 est.

141 1799 345 1869 usgrparunt.
375 1799 499 1838 Aquam
527 1810 600 1832 vero
628 1811 683 1841 pro
713 1811 748 1833 eo
783 1803 864 1841 quod
895 1805 944 1834 est
970 1805 1167 1844 Baptismus
1195 1816 1287 1846 saepe

141 1840 170 1870 vi
194 1841 273 1871 obis.
1342 1853 1346 1856 '

182 1879 234 1921 (1)
256 1882 320 1912 duo
346 1883 452 1920 pisces
479 1883 562 1915 idem
584 1885 634 1915 est
655 1894 691 1916 ac
712 1886 796 1916 duos
814 1887 932 1925 pe'scee.
950 1905 989 1911 —
1011 1889 1146 1928 Adpom·
1168 1891 1205 1920 in
1224 1900 1282 1930 pa-

139 1926 228 1953 scum
250 1941 289 1946 —
313 1924 447 1963 Adpom‘
468 1926 512 1956 aa
527 1929 678 1964 pastum.
704 1938 722 1956 »
744 1928 816 1959 Vet.
840 1929 957 1960 Glossa.

184 1964 230 2004 (2)
255 1966 377 2001 viram.
401 1976 487 2005 sync.
512 1977 568 2006 pro
589 1970 753 2000 virorum.

180 2006 225 2046 (3)
241 2007 284 2037 ab
305 2008 396 2038 aeris
417 2009 547 2040 Radere
569 2013 631 2041 etc.
647 2011 768 2048 Rudas,
785 2012 817 2042 id
839 2014 889 2042 est
910 2014 1025 2043 raudus
1047 2015 1216 2045 vocabatur
1231 2025 1283 2047 21ae

138 2047 289 2079 infectum
311 2051 346 2080 et
367 2050 555 2089 impolitum,
572 2053 653 2083 unde
675 2062 727 2084 aes
748 2054 836 2085 rude.
854 2055 891 2086 V.
907 2058 1050 2086 nostrum
1069 2055 1155 2103 Περὶ
1180 2056 1280 2104 Στεφ,

8 2127 12 2146 ·‚
140 2095 244 2134 hymn.
262 2097 306 2134 Π,
330 2106 361 2128 v-
386 2097 458 2146 190:
481 2115 521 2122 —
542 2102 724 2132 conmsoit
744 2102 852 2150 vivere
872 2111 1040 2151 maseoemj
1061 2113 1170 2144 nempe
1186 2115 1280 2137 moris

0 2146 22 2185 ᾗ
139 2137 232 2169 habet
245 2140 432 2171 utexmassa
439 2139 564 2172 informi
577 2144 756 2182 agrestique
764 2144 803 2174 ad
814 2153 918 2175 vivum
925 2145 1045 2183 aliquid
1060 2146 1166 2178 ducat.
1179 2148 1281 2179 Dictio
1329 2153 1338 2160 ·

1151 0 1178 7 -v
1209 1 1215 4 -
1230 0 1258 21 ⁵?
1271 0 1319 13 2.»-
1341 0 1435 15 v*
1482 0 1550 26 157.

1242 24 1244 27 .
1538 24 1545 33 ι
