1566 2482
272 149 361 200 182*
551 163 560 167 “
583 201 588 205 ,
642 151 798 198 avitam}
821 141 1024 198 rnvnmn

377 278 498 327 thue
525 276 740 326 superstitio
767 278 933 316 veterum
951 277 1080 325 procul
1096 277 1207 316 -absit
1233 288 1400 326 avorum,

336 327 339 331 ’
375 333 412 371 N
415 344 454 370 ec
474 332 578 380 putet
595 342 675 377 esse
695 332 826 378 Deum,
848 330 924 381 nisi
943 330 1007 379 qui
1026 342 1138 380 super
1158 331 1282 435 omr[1'ia
1301 343 1400 370 sum-

1242 395 1322 423 mus
1351 385 1402 423 40

374 438 561 484 Emineat‚
591 437 792 485 magnique
819 437 1001 475 immensa
1027 437 1207 476 creaverit
1233 437 1346 476 orbis.

322 493 424 533 Num
451 492 584 530 melius
610 492 792 530 Saturnus
822 489 883 541 (1)
913 501 1003 528 avos
1028 490 1167 529 rexisse
1195 491 1350 530 Latinos

377 546 572 585 Creditur?
600 544 732 595 edictis
760 544 823 593 qui
850 544 989 582 talibus
1015 543 1233 582 informavit
1261 545 1320 594 (2)

375 600 555 648 Agrestes
583 598 742 645 animos,
773 598 810 636 et
836 598 996 636 barbara
1021 598 1133 636 corda
1159 597 1349 637 virorum?

376 654 463 691 Sum
478 653 596 692 Deus:
614 651 769 690 advenio
783 650 951 699 fugiens3
973 651 1143 699 praebete
1156 651 1334 699 latebras,
1351 652 1401 689 45

375 706 567 745 Occultate
595 716 736 751 senem,
767 704 848 742 nati
876 704 1022 743 feritate
1049 705 1203 753 tyranni

375 759 567 798 Deiectum
595 758 700 797 solio.
732 758 875 805 Placet,
903 758 965 796 hic
991 758 1173 806 fugitivus
1200 759 1236 796 et
1262 757 1367 797 exsul

375 813 427 851 Ut
443 812 603 851 lateam:
635 811 740 860 genti
764 812 875 859 atque
906 811 986 850 loco
1018 811 1169 850 Latium
1189 811 1300 916 [dabo
1335 822 1400 850 no·

1206 877 1290 903 men
1320 865 1398 915 (3).

374 918 523 957 Vitibus
550 917 759 966 incurvum,
789 918 823 957 si
850 930 924 967 qua
951 919 1007 958 est
1033 930 1077 957 ea
1103 929 1206 966 cura,
1226 919 1403 967 putandis

375 972 581 1010 Procudam
600 972 807 1021 chalybem,
828 983 973 1011 necnon
1001 973 1038 1010 et
1054 972 1200 1011 moenia
1217 972 1332 1011 vestri
1351 972 1401 1010 50

373 1025 559 1064 Fluminis
586 1025 626 1064 in
653 1025 737 1074 ripa
765 1027 927 1064 statuam
954 1023 1130 1064 Saturnia
1156 1025 1274 1064 vobis.

373 1080 449 1118 Vos
463 1090 598 1117 nemus
611 1078 872 1127 adpositasque
886 1090 965 1117 meo
975 1079 1045 1117 sub
1059 1079 1195 1117 honore
1210 1079 1401 1118 sacrantes

374 1132 479 1179 (Sum
508 1132 683 1180 quianam
713 1132 822 1170 Caelo
849 1132 1016 1181 genitus)
1036 1132 1270 1171 celebrabitis
1297 1143 1397 1171 aras.

372 1186 465 1223 Inde
493 1185 595 1230 deos,
626 1196 781 1233 quorum
809 1185 931 1233 patria
959 1186 1125 1233 spectata
1153 1186 1322 1234 sepulcra

372 1239 515 1277 Scimus
545 1239 603 1288 (4)
641 1238 682 1277 in
712 1250 795 1277 aere
827 1239 975 1277 hebetes
1006 1237 1253 1279 informavere
1280 1239 1398 1277 mino-

1250 1304 1330 1332 res:
1349 1294 1401 1331 55

372 1346 530 1384 Advena
541 1356 632 1393 quos
642 1344 822 1394 profugus
833 1345 1008 1394 gignens,
1021 1347 1058 1384 et
1066 1346 1203 1394 equina
1211 1290 1327 1385 libido
1337 1346 1397 1398 (5)

337 1416 340 1420 ·
371 1398 509 1437 Intulit
535 1398 693 1444 Italiae3
724 1398 854 1438 Tuscis
882 1410 1041 1448 namque
1068 1399 1132 1438 ille
1159 1395 1293 1448 puellis

373 1452 519 1490 Primus
547 1451 762 1491 adhinnivit
789 1452 963 1492 simulato
991 1452 1143 1492 numine
1170 1453 1359 1494 moechus.

331 1605 379 1646 (1)
403 1607 494 1637 Num
518 1606 639 1636 melius
667 1606 847 1639 Saturnus.
878 1607 1044 1646 Saturnus,
1072 1616 1111 1639 ex
1138 1608 1265 1647 Olympo
1293 1608 1397 1640 detur-

264 1648 372 1687 batus,
385 1649 416 1678 iu
433 1656 471 1678 ea
492 1648 602 1679 ltaliae
623 1650 714 1686 parte
734 1649 844 1686 latuit,
859 1658 939 1687 quae
952 1658 970 1679 a
985 1650 1109 1681 latendo
1124 1659 1235 1681 nomen
1255 1651 1395 1688 accepim

264 1690 309 1720 ibi
325 1689 390 1720 Rex
408 1689 591 1720 Latinorum
606 1690 680 1726 fuit,
696 1699 792 1728 eoque
808 1699 891 1731 rege,
914 1691 963 1721 uti
978 1693 1159 1723 cecinerunt
1172 1693 1281 1731 poetae
1295 1693 1394 1730 aurei,

265 1734 354 1762 aetas
375 1731 495 1761 floruit.

282 1807 284 1810 v
327 1773 373 1810 (2)
395 1773 613 1810 informavit.-
635 1781 715 1803 vers.
739 1774 900 1812 spondaie.

329 1813 377 1854 (3)
400 1813 521 1844 latium
541 1814 622 1844 dabo
643 1823 770 1846 nomen.
793 1814 820 1845 A
842 1815 970 1846 latendo
991 1815 1124 1848 latium.
1149 1816 1186 1847 V.
1201 1815 1293 1848 Vmo.
1311 1817 1395 1849 Aen.

265 1855 349 1887 V111.
373 1855 448 1889 3223
476 1855 565 1887 Ovtn.
586 1856 678 1888 Fast.
702 1856 729 1890 1,
755 1856 828 1888 238.

281 1930 286 1933 ,
326 1897 372 1936 (4)
395 1897 480 1933 deos,
501 1906 641 1936 quorum
660 1898 776 1936 patria
790 1900 944 1936 spectata,
963 1899 1105 1929 scimus.
1131 1899 1215 1930 olim
1229 1899 1302 1931 deos
1317 1898 1397 1931 nihil

265 1938 349 1969 aliud
380 1937 475 1968 fuisse
499 1947 592 1975 quam
628 1936 775 1970 moi-tales
805 1939 943 1970 homines
971 1949 1137 1978 eorumque
1168 1941 1331 1980 sepulchra
1350 1942 1408 1972 te-

259 1980 400 2012 stantur.
422 1979 575 2010 Idolorum
591 1979 708 2010 cultum
725 1990 763 2011 ex
785 1982 933 2012 memoria
947 1982 1075 2012 fluxisse
1098 1982 1256 2013 hominum
1277 1983 1395 2014 demot-

263 2025 387 2051 tuorum
400 2024 508 2051 auctor
518 2020 593 2060 prae
605 2023 717 2052 ceteris
728 2023 776 2052 est
786 2022 957 2059 Ssmmzvs,
969 2024 1019 2053 De
1036 2024 1107 2053 Diis
1119 2024 1196 2063 Syr.
1207 2019 1327 2062 Proles.
1335 2023 1395 2057 111.

326 2062 371 2100 (ὃ)
394 2063 516 2102 equina
539 2063 649 2095 libido.
671 2063 816 2101 Effrenis‚
833 2065 1009 2102 impudens,
1035 2065 1136 2103 qualis
1163 2065 1275 2096 talium
1294 2065 1397 2097 numi-

263 2111 337 2133 num
358 2103 431 2137 fuit.
462 2105 574 2136 Sacrae
602 2105 752 2147 Litterae,
775 2107 809 2136 et
836 2107 1021 2145 praesertim
1049 2107 1222 2146 Prophetae
1249 2106 1396 2139 mortales
