1566 2482
281 137 358 177 112
579 125 584 129 ⁹
657 149 809 178 Avitum
843 149 1043 178 Pavonum

281 259 482 298 Devinctae
497 258 692 298 inlecebris
703 258 762 308 (1)
771 258 990 306 retinentur,
1005 259 1042 298 et
1059 260 1209 299 aethera
1221 272 1362 309 paucae

279 309 540 352 Conscendunt
566 313 742 351 reduces:
774 311 911 351 multas
939 312 1107 352 viscosus
1134 315 1280 353 inescat

280 368 430 413 Pastas,
461 368 498 405 et
525 366 573 403 ad
601 377 752 414 superas
779 377 988 414 percurrere
1013 377 1091 405 non
1118 367 1210 406 sinit
1237 380 1359 407 auras.

280 420 473 458 Praescius
500 420 585 457 inde
615 421 726 457 Pater
751 419 908 458 liventia
933 421 1256 468 tartaraffllumbo
1336 422 1412 461 825

277 474 451 512 Incendit
475 473 630 521 liquido,
661 473 856 521 piceasque
883 473 1064 512 bitumine
1091 474 1212 513 fossas

277 527 480 565 Infernalis
508 539 625 575 aquae
651 527 758 565 furvo
786 527 936 565 suffodit
962 528 1125 574 Averno,
1519 578 1522 579 ⁷
1559 540 1566 576 Ἰ

276 582 325 619 Et
352 581 645 629 Phlegethonteo
673 581 742 619 sub
769 581 916 628 gurgite
944 581 1069 619 sanxit
1096 582 1225 620 edaces

276 634 468 682 Perpetuis
496 634 675 672 scelerum
702 633 829 681 poenis
859 634 918 683 (2)
948 634 1146 673 inolescere
1173 647 1329 674 vermes.

275 689 397 726 Norat
409 688 508 726 enim
522 688 615 726 flatu
628 699 672 725 ex
685 686 830 735 proprio
845 689 1061 736 vegetamen
1074 689 1132 738 (3)
1142 688 1261 727 inesse
1333 691 1410 729 830

276 741 496 789 Corporibus
522 741 675 788 nostris,
706 741 941 789 animamque
969 754 1013 779 ex
1040 752 1100 780 ore
1127 743 1281 790 perenni

275 796 487 833 Formatam
513 806 589 833 non
616 805 722 842 posse
750 794 858 841 mori,
894 806 967 833 non
995 806 1102 843 posse
1128 795 1294 835 vicissim

275 849 460 886 Pollutam
486 849 589 887 vitiis
618 859 765 886 sursum
793 848 842 886 ad
869 859 1034 886 convexa
1060 849 1195 887 reverti

274 902 511 940 Mersandam
538 902 687 949 penitus
715 903 824 949 puteo
851 901 1026 940 ferventis
1054 902 1193 951 abyssi.

273 955 468 994 Vermibus
496 956 532 993 et
559 954 721 992 flammis
749 956 786 992 et
814 955 1098 994 discruciatibus
1125 967 1257 994 aevum
1331 958 1407 996 835

273 1009 487 1047 Immortale
516 1009 630 1055 dedit⁷
661 1008 762 1047 senio
790 1020 835 1046 ne
863 1021 982 1056 poena
1009 1010 1144 1057 periret

273 1064 359 1101 Non
404 1063 578 1110 pereunte
616 1062 754 1100 anima.
791 1063 958 1110 Carpant
992 1064 1177 1102 tormenta
1217 1063 1310 1114 (4),
1354 1064 1406 1102 fo-

1230 1116 1406 1169 [ventque

272 1169 467 1207 Materiam
495 1168 574 1207 sine
602 1169 675 1206 fine
703 1168 856 1206 datam:
888 1180 986 1208 mors
1014 1170 1148 1208 deserit
1174 1171 1257 1219 ipsa

271 1224 451 1261 Aeternos
478 1223 653 1272 gemitus,
684 1224 720 1259 et
748 1222 877 1260 flentes
905 1223 1026 1261 vivere
1055 1224 1168 1272 cogit.

271 1278 324 1314 At
350 1276 494 1314 diversa
521 1275 647 1324 procul
673 1275 886 1324 regionibus
914 1276 954 1313 in
983 1277 1152 1315 Paradisi
1327 1278 1404 1317 840

272 1329 442 1368 Praemia
467 1329 662 1368 constituit
689 1329 864 1367 maiestas
891 1341 1010 1377 gnara
1038 1330 1155 1369 futuri

271 1383 469 1431 Spiritibus
495 1383 612 1431 puris,
642 1383 680 1420 et
707 1383 754 1420 ab
781 1382 882 1421 omni
908 1383 991 1421 labe
1018 1384 1189 1422 remotis:

270 1436 411 1485 Quique
439 1438 680 1475 Gomorraeas
709 1436 768 1485 (5)
798 1447 873 1474 non
900 1448 1087 1484 respexere
1115 1437 1267 1484 ruinas;

255 1490 423 1529 ,Aversis
452 1490 516 1528 sed
542 1490 612 1528 rite
640 1489 757 1528 oculis
784 1491 869 1537 post
895 1491 1017 1538 terga,
1047 1492 1218 1529 tenebras

333 1635 378 1673 (1)
405 1634 581 1665 Inlecebris,
604 1651 647 1656 —-
669 1634 827 1665 illecebris
849 1634 987 1665 Glsatm.

334 1676 378 1714 (⁴2)
399 1677 561 1714 perpetuis
581 1676 739 1706 scelerum
756 1677 880 1715 poenis.
905 1676 942 1706 V.
965 1675 1055 1710 Isiu„
1080 1676 1189 1708 LXVI.

333 1717 377 1754 (3)
400 1720 592 1754 venetamen.
616 1718 768 1754 Vidimus,
793 1719 824 1747 in
848 1718 1027 1753 Hamartig.
1050 1726 1081 1747 v.
1106 1719 1178 1748 299.

332 1759 377 1797 (4)
409 1760 562 1798 Carpum
591 1761 753 1789 tormenta
781 1760 842 1789 etc.
876 1759 1084 1796 Roproborum
1114 1768 1211 1797 poena
1239 1759 1270 1789 in
1293 1758 1402 1790 inferi<

269 1802 396 1830 aeterna
417 1801 449 1830 in
465 1802 598 1830 mentem
616 1801 703 1830 nobis
718 1802 843 1831 revocat
869 1801 1034 1830 historiam
1060 1800 1230 1831 fabularem
1245 1801 1282 1831 de
1296 1801 1402 1839 Tityo,

269 1843 355 1871 cuius
379 1842 461 1872 iocur
483 1843 622 1880 Iuppiter
644 1843 820 1872 vulturibus
841 1842 1022 1871 laniandum
1055 1843 1199 1880 apposuit
1231 1842 1289 1872 hac
1322 1842 1400 1880 leg-e,

271 1884 304 1912 ut
326 1884 539 1921 consumptum
563 1884 677 1913 iterum
701 1884 874 1920 iterumque
894 1886 1118 1915 renasceretur.
1143 1884 1211 1913 Huc
1231 1884 1402 1922 respiciant

268 1926 391 1960 quidam
415 1925 573 1960 erudituli,
597 1926 651 1962 qui
673 1925 761 1956 Vino.
785 1926 919 1956 Iobertio
942 1925 1123 1963 phil›sopho
1146 1926 1331 1956 'I'aurinensi
1353 1925 1400 1956 sa-

267 1966 325 1995 cilo
348 1966 593 2004 adstipulantur„
618 1967 694 1997 salso
715 1967 838 1998 docenti
859 1975 980 1996 reorum
996 1968 1152 1997 tormenta
1168 1967 1200 1997 in
1216 1966 1325 1997 inferis
1338 1975 1400 1997 non

268 2016 331 2037 esse
354 2009 512 2038 aeternum
534 2008 693 2040 duratura.
716 2008 754 2040 V.
778 2009 988 2042 Psoronoom,
1011 2009 1117 2046 opera
1134 2011 1291 2048 postuma
1311 2008 1400 2039 edita

268 2049 312 2078 da
337 2049 429 2080 Gius.
453 2050 612 2085 Mat-sart,
640 2050 709 2081 Vol.
732 2050 780 2086 IL
796 2059 831 2089 p.
854 2050 934 2083 668:
957 2050 990 2080 et·
1011 2050 1100 2080 alibi.

330 2090 375 2129 (5)
401 2092 616 2122 Gomorraeas
622 2101 637 2130 ,⁰
658 2109 698 2114 —
723 2092 963 2122 Gomorrhaeas
986 2092 1124 2123 GisuLIN.
