1566 2482
550 203 838 232 HAm'rmamA
1194 189 1272 229 101

122 315 195 355 Ille
213 314 362 364 quidem
385 314 503 354 fomes
530 315 756 361 nostrorum,
776 314 814 352 et
839 324 976 352 caussa
999 312 1181 352 malorum
1199 312 1270 350 est.

123 369 194 408 Sed
219 370 369 408 tantum
395 369 545 407 turbare
571 369 696 417 potest
722 368 790 406 aut
815 366 960 415 fallere,
990 368 1171 416 quantum

124 424 206 462 Nos
232 423 418 470 volumus,
448 422 513 471 qui
541 422 726 470 decrepito
753 422 936 470 suggesta
962 420 1061 460 leoni
1194 420 1272 459 560

124 478 371 516 Armamenta
398 477 549 524 damus,
579 476 693 524 friget
720 475 799 514 fera
826 475 934 513 futile
960 474 1150 522 frendens,

125 531 293 569 Humani
320 529 468 579 generis
495 529 537 568 ni
564 542 630 578 per
657 528 839 578 suffragia
865 529 1016 577 gliscat.

125 584 325 633 Gignimus
352 595 460 623 omne
487 583 629 622 malum
655 583 802 632 proprio
831 583 874 621 de
901 594 1050 632 corpore
1078 583 1271 621 nostrum:

128 638 177 676 Ut
203 638 335 687 genuit
361 637 500 686 David,
531 637 627 676 alias
655 638 762 686 pater
789 637 965 687 optimus,
996 648 1113 675 unum

126 692 272 731 Crimen
291 691 501 730 Abessalon
521 691 604 741 (1):
621 692 783 730 taetrum
814 692 921 739 pater
947 690 1026 738 ille,
1061 691 1126 729 sed
1158 701 1275 728 unum

124 747 313 787 Innocuas
339 745 438 784 inter
463 745 607 784 soboles
633 745 766 794 genuit
792 744 1032 793 patricidam,
1177 742 1273 795 [565

124 802 251 839 Ausus
277 799 319 837 in
346 800 534 838 auctorem
559 798 708 848 generis
735 799 799 847 qui
826 798 1010 847 stringere
1039 797 1192 837 ferrum.

125 854 188 892 Ah
215 853 358 901 pietas!
390 852 514 902 signis
540 852 728 892 contraria
755 852 868 901 signa
893 851 1062 900 paternis

126 907 228 956 Egit,
256 908 295 945 et
319 906 433 946 unius
460 907 647 946 commisit
674 906 874 955 sanguinis
902 917 1022 944 arma.

126 962 266 1000 Nostra
293 961 427 999 itidem
454 961 554 1000 diros
581 961 712 999 urente
738 959 943 1008 propagine
971 960 1080 997 natos
1199 959 1275 997 570

132 1016 283 1053 Pectora
308 1014 548 1062 parturiunt,
580 1014 696 1053 versis
724 1013 790 1062 qui
815 1014 987 1061 protinus
1014 1013 1056 1051 in
1084 1024 1152 1051 nos
1253 1011 1256 1015 '

126 1068 312 1107 Morsibus
340 1067 560 1107 insuescunt
586 1068 811 1117 gignentum
841 1067 962 1106 vivere
990 1067 1142 1115 poenis:

128 1122 410 1171 Depopulantur
437 1122 538 1162 enim
563 1122 722 1161 nimium
748 1121 910 1161 fecunda
935 1122 1133 1170 parentum

129 1176 295 1223 Viscera,
326 1177 364 1213 et
390 1175 545 1214 interitu
571 1175 748 1225 genitalis
775 1171 906 1224 stirpis
933 1174 1100 1213 aluntur.

129 1229 347 1277 Progeniem
367 1241 496 1268 verum
522 1230 585 1268 ille
613 1241 720 1268 suam
748 1241 811 1268 rex
838 1230 965 1277 utpote
984 1240 1166 1276 summus,
1198 1228 1275 1265 575

129 1284 253 1331 Αίκῃιθ
281 1282 350 1321 Dei
377 1285 496 1331 vates,
526 1283 714 1332 pariturae
741 1284 779 1321 et
808 1283 965 1332 virginis
993 1284 1136 1329 auctor,

129 1336 314 1375 Tristibus
340 1338 451 1384 atque
477 1336 551 1385 piis
579 1338 638 1386 (2)
667 1337 893 1384 variaverat,
923 1338 966 1375 ut
993 1336 1203 1375 Solomonis

114 1391 258 1428 -Frater
283 1390 495 1429 Abessalon
521 1392 658 1429 sereret
684 1402 753 1429 sua
779 1390 943 1429 crimina
969 1390 1082 1429 iustis

131 1444 371 1492 Pignoribus,
402 1444 620 1493 dulcemque
648 1445 796 1483 domum
823 1445 994 1483 turbaret
1026 1443 1182 1482 amaris.

131 1498 190 1536 Sic
208 1497 366 1546 dignum
380 1498 573 1536 Salomone
592 1498 688 1536 nihil
700 1499 776 1547 (3):
794 1509 863 1536 nos
883 1498 1042 1547 degener
1056 1497 1187 1546 implet
1201 1497 1278 1535 580

132 1551 240 1590 Solus
268 1551 494 1599 Abessalon,
524 1552 694 1590 lacerans
722 1552 786 1600 pia
813 1551 957 1590 viscera
984 1552 1096 1590 ferro.

131 1677 229 1754 {Sta-⁹
252 1673 295 1708 κ)
297 1672 388 1716 οπαὶ,
413 1671 691 1721 ψευδοματυρία.,
710 1673 942 1723 βλασφημία.
968 1675 1098 1706 Mum.
1122 1674 1191 1712 XV,
1216 1675 1277 1711 193

158 1732 286 1754 servm.

198 1765 243 1803 (l)
274 1765 475 1802 Abessalon,
498 1762 747 1812 Ἀβεσσαλώμ,
769 1765 853 1796 filius
867 1765 950 1803 regis
970 1765 1112 1796 Davidis.

196 1813 242 1852 (2)
266 1812 432 1843 Tristibus
459 1814 556 1852 atque
567 1814 639 1852 piis
662 1813 864 1845 variaverat
879 1813 1044 1850 Progenies
1058 1811 1172 1843 Davidi
1190 1811 1280 1841 malis

134 1856 257 1894 piisque
277 1855 382 1885 lnberis
403 1854 495 1885 iuxta
515 1854 599 1885 suit:
623 1855 792 1886 Abessalon
813 1855 1109 1893 iniqu11s,Salomon
1130 1854 1232 1884 iustus
1246 1855 1280 1883 et

133 1898 256 1935 sapiens
269 1897 494 1934 quadantenus.
510 1896 595 1927 Haec
611 1896 766 1934 Aligherii
787 1898 887 1928 nostri
902 1905 1009 1928 versus
1030 1896 1064 1926 in
1079 1897 1217 1926 mentem
1232 1903 1282 1924 re-

136 1942 260 1975 vocant,
272 1939 325 1975 qui
340 1938 507 1974 leguntur
498 1947 531 1968 m
542 1938 654 1969 Divino
665 1939 770 1971 Poem.
784 1938 838 1980 (V.
851 1940 946 1977 Pur-g.
964 1939 1035 1975 vn,
1053 1939 1110 1968 121
1124 1938 1282 1975 etseqq..)

199 1979 246 2020 (3)
269 1980 322 2010 Sic
342 1979 482 2018 diffluum
504 1980 675 2011 Salomone
696 1981 810 2018 nihil,
839 1982 883 2012 De
903 1981 1064 2012 Salomone
1078 1980 1195 2010 nantes
1216 1979 1263 2038 ips
1266 1987 1283 2008 e

135 2023 169 2053 iu
190 2022 302 2052 Divino
323 2021 468 2052 Poemate
490 2021 620 2062 (Parasi.
642 2022 686 2059 X,
711 2022 806 2063 112):

492 2063 618 2095 ‚Palla
638 2067 754 2100 mente,
779 2064 810 2096 u'
832 2064 860 2094 si
882 2063 1031 2103 protendo

344 2104 440 2136 Saver
461 2104 495 2135 fu
516 2114 631 2143 messo,
651 2106 720 2143 che,
744 2115 777 2138 se
798 2106 822 2136 il
844 2115 914 2137 vero
936 2106 953 2137 e
977 2115 1059 2142 vero,

345 2147 372 2177 A
395 2146 486 2178 veder
505 2148 596 2178 tanto
618 2157 678 2179 non
699 2157 784 2180 surse
806 2148 830 2179 il
851 2148 994 2179 secondo.
1118 2145 1142 2166 ⁶
