<?xml version="1.0" encoding="UTF-8"?>
<!DOCTYPE html PUBLIC "-//W3C//DTD XHTML 1.0 Transitional//EN"
    "http://www.w3.org/TR/xhtml1/DTD/xhtml1-transitional.dtd">
<html xmlns="http://www.w3.org/1999/xhtml" xml:lang="en" lang="en">
 <head>
  <title>
</title>
<meta http-equiv="Content-Type" content="text/html;charset=utf-8" />
  <meta name='ocr-system' content='tesseract 3.04.00' />
  <meta name='ocr-capabilities' content='ocr_page ocr_carea ocr_par ocr_line ocrx_word'/>
</head>
<body>
  <div class='ocr_page' id='page_1' title='image "./operaprud00pruduoft/operaprud00pruduoft_0115.png"; bbox 0 0 1566 2482; ppageno 0'>
   <div class='ocr_carea' id='block_1_1' title="bbox 0 0 1416 105">
    <p class='ocr_par' dir='ltr' id='par_1_1' title="bbox 0 0 1416 105">
     <span class='ocr_line' id='line_1_1' title="bbox 0 0 1416 105; baseline 0 2377"><span class='ocrx_word' id='word_1_1' title='bbox 0 0 1416 105; x_wconf 95' lang='lat' dir='ltr'> </span> 
     </span>
    </p>
   </div>
   <div class='ocr_carea' id='block_1_2' title="bbox 582 101 1294 170">
    <p class='ocr_par' dir='ltr' id='par_1_2' title="bbox 582 101 1294 170">
     <span class='ocr_line' id='line_1_2' title="bbox 582 101 1294 170; baseline -0.004 0"><span class='ocrx_word' id='word_1_2' title='bbox 582 140 876 170; x_wconf 63' lang='lat' dir='ltr'>munnam</span> <span class='ocrx_word' id='word_1_3' title='bbox 931 101 933 103; x_wconf 50' lang='lat'>&gt;</span> <span class='ocrx_word' id='word_1_4' title='bbox 1144 129 1147 131; x_wconf 77' lang='grc'><strong>’</strong></span> <span class='ocrx_word' id='word_1_5' title='bbox 1207 128 1294 168; x_wconf 66' lang='grc' dir='ltr'>Δ111</span> 
     </span>
    </p>
   </div>
   <div class='ocr_carea' id='block_1_3' title="bbox 796 204 941 208">
    <p class='ocr_par' dir='ltr' id='par_1_3' title="bbox 796 204 941 208">
     <span class='ocr_line' id='line_1_3' title="bbox 796 204 941 208; baseline 0 0"><span class='ocrx_word' id='word_1_6' title='bbox 796 204 941 208; x_wconf 95' lang='lat' dir='ltr'> </span> 
     </span>
    </p>
   </div>
   <div class='ocr_carea' id='block_1_4' title="bbox 147 250 1320 1807">
    <p class='ocr_par' dir='ltr' id='par_1_4' title="bbox 149 250 1216 301">
     <span class='ocr_line' id='line_1_4' title="bbox 149 250 1216 301; baseline -0.006 -6"><span class='ocrx_word' id='word_1_7' title='bbox 149 255 324 295; x_wconf 86' lang='lat' dir='ltr'>Sentibus</span> <span class='ocrx_word' id='word_1_8' title='bbox 351 253 492 292; x_wconf 86' lang='lat' dir='ltr'>artaret</span> <span class='ocrx_word' id='word_1_9' title='bbox 520 252 597 301; x_wconf 84' lang='lat'>(1),</span> <span class='ocrx_word' id='word_1_10' title='bbox 629 251 916 300; x_wconf 86' lang='lat' dir='ltr'>scrupolosaque</span> <span class='ocrx_word' id='word_1_11' title='bbox 944 250 1079 290; x_wconf 86' lang='lat' dir='ltr'>semita</span> <span class='ocrx_word' id='word_1_12' title='bbox 1104 250 1216 300; x_wconf 88' lang='lat' dir='ltr'>longe</span> 
     </span>
    </p>

    <p class='ocr_par' dir='ltr' id='par_1_5' title="bbox 153 305 1296 354">
     <span class='ocr_line' id='line_1_5' title="bbox 153 305 1296 354; baseline -0.005 -6"><span class='ocrx_word' id='word_1_13' title='bbox 153 310 310 348; x_wconf 79' lang='lat' dir='ltr'>Duceret</span> <span class='ocrx_word' id='word_1_14' title='bbox 337 307 479 347; x_wconf 71' lang='lat' dir='ltr'>aerium</span> <span class='ocrx_word' id='word_1_15' title='bbox 505 307 644 346; x_wconf 84' lang='lat' dir='ltr'>clivoso</span> <span class='ocrx_word' id='word_1_16' title='bbox 670 305 842 354; x_wconf 81' lang='lat' dir='ltr'>margine</span> <span class='ocrx_word' id='word_1_17' title='bbox 869 305 1017 344; x_wconf 87' lang='lat' dir='ltr'>callem.</span> <span class='ocrx_word' id='word_1_18' title='bbox 1046 310 1062 343; x_wconf 77' lang='grc'>,”</span> <span class='ocrx_word' id='word_1_19' title='bbox 1221 305 1296 343; x_wconf 90' lang='grc'>795</span> 
     </span>
    </p>

    <p class='ocr_par' dir='ltr' id='par_1_6' title="bbox 151 358 1252 410">
     <span class='ocr_line' id='line_1_6' title="bbox 151 358 1252 410; baseline -0.005 -8"><span class='ocrx_word' id='word_1_20' title='bbox 151 365 204 402; x_wconf 90' lang='lat' dir='ltr'>At</span> <span class='ocrx_word' id='word_1_21' title='bbox 230 363 392 409; x_wconf 82' lang='lat' dir='ltr'>laevum,</span> <span class='ocrx_word' id='word_1_22' title='bbox 424 373 559 410; x_wconf 26' lang='lat' dir='ltr'>nemus·</span> <span class='ocrx_word' id='word_1_23' title='bbox 584 359 828 399; x_wconf 81' lang='lat' dir='ltr'><strong>umbriferum</strong></span> <span class='ocrx_word' id='word_1_24' title='bbox 854 371 920 407; x_wconf 89' lang='lat' dir='ltr'>per</span> <span class='ocrx_word' id='word_1_25' title='bbox 947 370 1105 397; x_wconf 87' lang='lat' dir='ltr'>amoena</span> <span class='ocrx_word' id='word_1_26' title='bbox 1131 358 1252 397; x_wconf 78' lang='lat' dir='ltr'>vireta</span> 
     </span>
    </p>

    <p class='ocr_par' dir='ltr' id='par_1_7' title="bbox 153 413 1059 463">
     <span class='ocr_line' id='line_1_7' title="bbox 153 413 1059 463; baseline -0.007 -8"><span class='ocrx_word' id='word_1_27' title='bbox 153 416 303 455; x_wconf 89' lang='lat' dir='ltr'>Ditibus</span> <span class='ocrx_word' id='word_1_28' title='bbox 330 417 479 454; x_wconf 85' lang='lat' dir='ltr'>ornaret</span> <span class='ocrx_word' id='word_1_29' title='bbox 505 414 640 463; x_wconf 88' lang='lat' dir='ltr'>pomis,</span> <span class='ocrx_word' id='word_1_30' title='bbox 671 414 709 452; x_wconf 87' lang='lat' dir='ltr'>et</span> <span class='ocrx_word' id='word_1_31' title='bbox 735 413 819 452; x_wconf 87' lang='lat' dir='ltr'>lene</span> <span class='ocrx_word' id='word_1_32' title='bbox 846 414 1029 451; x_wconf 86' lang='lat' dir='ltr'>iacentem</span> <span class='ocrx_word' id='word_1_33' title='bbox 1055 442 1059 446; x_wconf 89' lang='lat'>.</span> 
     </span>
    </p>

    <p class='ocr_par' dir='ltr' id='par_1_8' title="bbox 152 466 1216 516">
     <span class='ocr_line' id='line_1_8' title="bbox 152 466 1216 516; baseline -0.005 -7"><span class='ocrx_word' id='word_1_34' title='bbox 152 470 339 508; x_wconf 90' lang='lat' dir='ltr'>Planicies</span> <span class='ocrx_word' id='word_1_35' title='bbox 366 469 474 508; x_wconf 88' lang='lat' dir='ltr'>daret</span> <span class='ocrx_word' id='word_1_36' title='bbox 501 467 628 516; x_wconf 86' lang='lat' dir='ltr'>ampla</span> <span class='ocrx_word' id='word_1_37' title='bbox 656 467 780 513; x_wconf 84' lang='lat' dir='ltr'>viam3</span> <span class='ocrx_word' id='word_1_38' title='bbox 813 466 1071 515; x_wconf 74' lang='lat' dir='ltr'>squalentibus</span> <span class='ocrx_word' id='word_1_39' title='bbox 1099 478 1216 504; x_wconf 91' lang='lat' dir='ltr'>unum</span> 
     </span>
    </p>

    <p class='ocr_par' dir='ltr' id='par_1_9' title="bbox 152 521 1099 572">
     <span class='ocr_line' id='line_1_9' title="bbox 152 521 1099 572; baseline -0.006 -9"><span class='ocrx_word' id='word_1_40' title='bbox 152 525 375 562; x_wconf 82' lang='lat' dir='ltr'>Contentum</span> <span class='ocrx_word' id='word_1_41' title='bbox 404 523 524 572; x_wconf 88' lang='lat' dir='ltr'>spinis</span> <span class='ocrx_word' id='word_1_42' title='bbox 551 523 718 570; x_wconf 81' lang='lat' dir='ltr'>reptasse</span> <span class='ocrx_word' id='word_1_43' title='bbox 745 532 810 569; x_wconf 85' lang='lat' dir='ltr'>per</span> <span class='ocrx_word' id='word_1_44' title='bbox 838 521 957 558; x_wconf 89' lang='lat' dir='ltr'>ardua</span> <span class='ocrx_word' id='word_1_45' title='bbox 985 532 1099 558; x_wconf 84' lang='lat' dir='ltr'>saxa:</span> 
     </span>
    </p>

    <p class='ocr_par' dir='ltr' id='par_1_10' title="bbox 153 573 1297 624">
     <span class='ocr_line' id='line_1_10' title="bbox 153 573 1297 624; baseline -0.003 -8"><span class='ocrx_word' id='word_1_46' title='bbox 153 579 267 616; x_wconf 90' lang='lat' dir='ltr'>Porro</span> <span class='ocrx_word' id='word_1_47' title='bbox 295 577 412 615; x_wconf 89' lang='lat' dir='ltr'>alium</span> <span class='ocrx_word' id='word_1_48' title='bbox 440 587 570 624; x_wconf 86' lang='lat' dir='ltr'>campo</span> <span class='ocrx_word' id='word_1_49' title='bbox 598 587 678 614; x_wconf 87' lang='lat' dir='ltr'>sese</span> <span class='ocrx_word' id='word_1_50' title='bbox 705 574 907 613; x_wconf 86' lang='lat' dir='ltr'>indulsisse</span> <span class='ocrx_word' id='word_1_51' title='bbox 935 573 1108 621; x_wconf 88' lang='lat' dir='ltr'>sinistro,</span> <span class='ocrx_word' id='word_1_52' title='bbox 1221 575 1297 612; x_wconf 89' lang='lat'>800</span> 
     </span>
    </p>

    <p class='ocr_par' dir='ltr' id='par_1_11' title="bbox 151 627 1171 680">
     <span class='ocr_line' id='line_1_11' title="bbox 151 627 1171 680; baseline -0.004 -10"><span class='ocrx_word' id='word_1_53' title='bbox 151 631 265 670; x_wconf 90' lang='lat' dir='ltr'>Illum</span> <span class='ocrx_word' id='word_1_54' title='bbox 293 630 445 670; x_wconf 88' lang='lat' dir='ltr'>sidereis</span> <span class='ocrx_word' id='word_1_55' title='bbox 474 630 534 680; x_wconf 84' lang='lat'>(2)</span> <span class='ocrx_word' id='word_1_56' title='bbox 563 631 676 678; x_wconf 86' lang='lat' dir='ltr'>caput</span> <span class='ocrx_word' id='word_1_57' title='bbox 701 628 910 667; x_wconf 85' lang='lat' dir='ltr'>immiscere</span> <span class='ocrx_word' id='word_1_58' title='bbox 936 627 1171 677; x_wconf 86' lang='lat' dir='ltr'>propinquis,</span> 
     </span>
    </p>

    <p class='ocr_par' dir='ltr' id='par_1_12' title="bbox 153 682 1053 731">
     <span class='ocr_line' id='line_1_12' title="bbox 153 682 1053 731; baseline -0.003 -8"><span class='ocrx_word' id='word_1_59' title='bbox 153 686 265 724; x_wconf 87' lang='lat' dir='ltr'>Hunc</span> <span class='ocrx_word' id='word_1_60' title='bbox 291 685 333 723; x_wconf 92' lang='lat' dir='ltr'>iu</span> <span class='ocrx_word' id='word_1_61' title='bbox 361 696 536 723; x_wconf 85' lang='lat' dir='ltr'>coenosas</span> <span class='ocrx_word' id='word_1_62' title='bbox 564 684 686 722; x_wconf 88' lang='lat' dir='ltr'>subito</span> <span class='ocrx_word' id='word_1_63' title='bbox 714 682 855 722; x_wconf 86' lang='lat' dir='ltr'>cedisse</span> <span class='ocrx_word' id='word_1_64' title='bbox 882 682 1053 731; x_wconf 86' lang='lat' dir='ltr'>paludes.</span> 
     </span>
    </p>

    <p class='ocr_par' dir='ltr' id='par_1_13' title="bbox 153 736 1172 783">
     <span class='ocr_line' id='line_1_13' title="bbox 153 736 1172 783; baseline -0.004 -6"><span class='ocrx_word' id='word_1_65' title='bbox 153 739 335 778; x_wconf 91' lang='lat' dir='ltr'>Omnibus</span> <span class='ocrx_word' id='word_1_66' title='bbox 362 750 439 777; x_wconf 87' lang='lat' dir='ltr'>una</span> <span class='ocrx_word' id='word_1_67' title='bbox 466 739 595 777; x_wconf 87' lang='lat' dir='ltr'>subest</span> <span class='ocrx_word' id='word_1_68' title='bbox 621 739 772 783; x_wconf 87' lang='lat' dir='ltr'>natura,</span> <span class='ocrx_word' id='word_1_69' title='bbox 804 737 869 775; x_wconf 85' lang='lat' dir='ltr'>sed</span> <span class='ocrx_word' id='word_1_70' title='bbox 896 736 1017 774; x_wconf 82' lang='lat' dir='ltr'>exitus</span> <span class='ocrx_word' id='word_1_71' title='bbox 1045 747 1172 774; x_wconf 87' lang='lat' dir='ltr'>omnes</span> 
     </span>
    </p>

    <p class='ocr_par' dir='ltr' id='par_1_14' title="bbox 151 789 1150 840">
     <span class='ocr_line' id='line_1_14' title="bbox 151 789 1150 840; baseline -0.004 -9"><span class='ocrx_word' id='word_1_72' title='bbox 151 794 240 831; x_wconf 86' lang='lat' dir='ltr'>Non</span> <span class='ocrx_word' id='word_1_73' title='bbox 266 804 366 831; x_wconf 91' lang='lat' dir='ltr'>unus</span> <span class='ocrx_word' id='word_1_74' title='bbox 393 792 554 840; x_wconf 81' lang='lat' dir='ltr'>peragit,</span> <span class='ocrx_word' id='word_1_75' title='bbox 584 791 807 839; x_wconf 88' lang='lat' dir='ltr'>placitorum</span> <span class='ocrx_word' id='word_1_76' title='bbox 834 802 988 838; x_wconf 85' lang='lat' dir='ltr'>segrege</span> <span class='ocrx_word' id='word_1_77' title='bbox 1017 789 1150 828; x_wconf 86' lang='lat' dir='ltr'>forma.</span> 
     </span>
    </p>

    <p class='ocr_par' dir='ltr' id='par_1_15' title="bbox 152 843 1298 935">
     <span class='ocr_line' id='line_1_15' title="bbox 152 843 1298 893; baseline -0.004 -8"><span class='ocrx_word' id='word_1_78' title='bbox 152 847 266 885; x_wconf 86' lang='lat' dir='ltr'>Haud</span> <span class='ocrx_word' id='word_1_79' title='bbox 294 858 414 893; x_wconf 86' lang='lat' dir='ltr'>secus,</span> <span class='ocrx_word' id='word_1_80' title='bbox 445 857 490 885; x_wconf 89' lang='lat' dir='ltr'>ac</span> <span class='ocrx_word' id='word_1_81' title='bbox 518 845 551 884; x_wconf 92' lang='lat' dir='ltr'>si</span> <span class='ocrx_word' id='word_1_82' title='bbox 579 845 668 883; x_wconf 91' lang='lat' dir='ltr'>olim</span> <span class='ocrx_word' id='word_1_83' title='bbox 702 845 760 893; x_wconf 87' lang='lat'>(3)</span> <span class='ocrx_word' id='word_1_84' title='bbox 794 856 858 892; x_wconf 91' lang='lat' dir='ltr'>per</span> <span class='ocrx_word' id='word_1_85' title='bbox 891 844 1024 883; x_wconf 87' lang='lat' dir='ltr'>sudum</span> <span class='ocrx_word' id='word_1_86' title='bbox 1055 843 1177 882; x_wconf 87' lang='lat' dir='ltr'>lactea</span> <span class='ocrx_word' id='word_1_87' title='bbox 1205 843 1298 881; x_wconf 87' lang='lat' dir='ltr'>forte</span> 
     </span>
     <span class='ocr_line' id='line_1_16' title="bbox 255 898 1295 935; baseline -0.005 4"><span class='ocrx_word' id='word_1_88' title='bbox 255 910 258 911; x_wconf 48' lang='lat'><em>⁷</em></span> <span class='ocrx_word' id='word_1_89' title='bbox 1217 898 1295 935; x_wconf 86' lang='lat'>805</span> 
     </span>
    </p>

    <p class='ocr_par' dir='ltr' id='par_1_16' title="bbox 152 896 1213 1002">
     <span class='ocr_line' id='line_1_17' title="bbox 152 896 1213 1002; baseline -0.005 -10"><span class='ocrx_word' id='word_1_90' title='bbox 152 956 276 1002; x_wconf 85' lang='lat' dir='ltr'>Lapsa</span> <span class='ocrx_word' id='word_1_91' title='bbox 302 953 556 992; x_wconf 88' lang='lat' dir='ltr'>columbarum</span> <span class='ocrx_word' id='word_1_92' title='bbox 583 953 701 990; x_wconf 89' lang='lat' dir='ltr'>nubes</span> <span class='ocrx_word' id='word_1_93' title='bbox 729 951 930 990; x_wconf 83' lang='lat' dir='ltr'>descendat</span> <span class='ocrx_word' id='word_1_94' title='bbox 957 950 997 988; x_wconf 90' lang='lat' dir='ltr'>in</span> <span class='ocrx_word' id='word_1_95' title='bbox 1026 962 1156 989; x_wconf 85' lang='lat' dir='ltr'>arvum</span> <span class='ocrx_word' id='word_1_96' title='bbox 1198 896 1213 948; x_wconf 74' lang='grc'>[</span> 
     </span>
    </p>

    <p class='ocr_par' dir='ltr' id='par_1_17' title="bbox 151 1004 1105 1056">
     <span class='ocr_line' id='line_1_18' title="bbox 151 1004 1105 1056; baseline -0.004 -10"><span class='ocrx_word' id='word_1_97' title='bbox 151 1008 264 1047; x_wconf 90' lang='lat' dir='ltr'>Ruris</span> <span class='ocrx_word' id='word_1_98' title='bbox 290 1007 477 1056; x_wconf 86' lang='lat' dir='ltr'>frugiferi,</span> <span class='ocrx_word' id='word_1_99' title='bbox 506 1007 661 1055; x_wconf 88' lang='lat' dir='ltr'>laqueos</span> <span class='ocrx_word' id='word_1_100' title='bbox 688 1005 753 1044; x_wconf 91' lang='lat' dir='ltr'>ubi</span> <span class='ocrx_word' id='word_1_101' title='bbox 781 1004 940 1043; x_wconf 90' lang='lat' dir='ltr'>callidus</span> <span class='ocrx_word' id='word_1_102' title='bbox 969 1016 1105 1052; x_wconf 88' lang='lat' dir='ltr'>auceps</span> 
     </span>
    </p>

    <p class='ocr_par' dir='ltr' id='par_1_18' title="bbox 151 1058 1062 1109">
     <span class='ocr_line' id='line_1_19' title="bbox 151 1058 1062 1109; baseline -0.003 -9"><span class='ocrx_word' id='word_1_103' title='bbox 151 1061 382 1108; x_wconf 74' lang='lat' dir='ltr'>Praetendit,</span> <span class='ocrx_word' id='word_1_104' title='bbox 411 1061 584 1109; x_wconf 88' lang='lat' dir='ltr'>lentoque</span> <span class='ocrx_word' id='word_1_105' title='bbox 614 1059 747 1098; x_wconf 87' lang='lat' dir='ltr'>inlevit</span> <span class='ocrx_word' id='word_1_106' title='bbox 772 1058 918 1096; x_wconf 84' lang='lat' dir='ltr'>vimina</span> <span class='ocrx_word' id='word_1_107' title='bbox 945 1059 1062 1105; x_wconf 89' lang='lat' dir='ltr'>visco,</span> 
     </span>
    </p>

    <p class='ocr_par' dir='ltr' id='par_1_19' title="bbox 149 1112 1112 1164">
     <span class='ocr_line' id='line_1_20' title="bbox 149 1112 1112 1164; baseline -0.004 -10"><span class='ocrx_word' id='word_1_108' title='bbox 149 1115 294 1164; x_wconf 84' lang='lat' dir='ltr'>Sparsit</span> <span class='ocrx_word' id='word_1_109' title='bbox 320 1115 358 1153; x_wconf 89' lang='lat' dir='ltr'>et</span> <span class='ocrx_word' id='word_1_110' title='bbox 384 1114 543 1153; x_wconf 88' lang='lat' dir='ltr'>insidias</span> <span class='ocrx_word' id='word_1_111' title='bbox 570 1113 733 1162; x_wconf 86' lang='lat' dir='ltr'>siliquis,</span> <span class='ocrx_word' id='word_1_112' title='bbox 750 1112 809 1151; x_wconf 89' lang='lat' dir='ltr'>vel</span> <span class='ocrx_word' id='word_1_113' title='bbox 837 1112 935 1151; x_wconf 80' lang='lat' dir='ltr'>farre</span> <span class='ocrx_word' id='word_1_114' title='bbox 963 1113 1112 1151; x_wconf 89' lang='lat' dir='ltr'>doloso:</span> 
     </span>
    </p>

    <p class='ocr_par' dir='ltr' id='par_1_20' title="bbox 149 1165 1296 1216">
     <span class='ocr_line' id='line_1_21' title="bbox 149 1165 1296 1216; baseline -0.004 -8"><span class='ocrx_word' id='word_1_115' title='bbox 149 1169 334 1208; x_wconf 90' lang='lat' dir='ltr'>Inliciunt</span> <span class='ocrx_word' id='word_1_116' title='bbox 361 1168 457 1206; x_wconf 89' lang='lat' dir='ltr'>alias</span> <span class='ocrx_word' id='word_1_117' title='bbox 485 1167 658 1206; x_wconf 86' lang='lat' dir='ltr'>fallentia</span> <span class='ocrx_word' id='word_1_118' title='bbox 685 1178 823 1216; x_wconf 82' lang='lat' dir='ltr'>grana,</span> <span class='ocrx_word' id='word_1_119' title='bbox 852 1166 1054 1215; x_wconf 85' lang='lat' dir='ltr'>gulamque</span> <span class='ocrx_word' id='word_1_120' title='bbox 1170 1178 1172 1182; x_wconf 74' lang='grc'>’</span> <span class='ocrx_word' id='word_1_121' title='bbox 1218 1165 1296 1204; x_wconf 91' lang='grc'>810</span> 
     </span>
    </p>

    <p class='ocr_par' dir='ltr' id='par_1_21' title="bbox 150 1220 1059 1267">
     <span class='ocr_line' id='line_1_22' title="bbox 150 1220 1059 1267; baseline -0.003 -6"><span class='ocrx_word' id='word_1_122' title='bbox 150 1224 355 1262; x_wconf 87' lang='lat' dir='ltr'>Innectunt</span> <span class='ocrx_word' id='word_1_123' title='bbox 382 1222 532 1260; x_wconf 86' lang='lat' dir='ltr'>avidam</span> <span class='ocrx_word' id='word_1_124' title='bbox 558 1223 677 1260; x_wconf 88' lang='lat' dir='ltr'>tortae</span> <span class='ocrx_word' id='word_1_125' title='bbox 705 1220 913 1259; x_wconf 86' lang='lat' dir='ltr'>retinacula</span> <span class='ocrx_word' id='word_1_126' title='bbox 942 1222 1059 1267; x_wconf 88' lang='lat' dir='ltr'>setae,</span> 
     </span>
    </p>

    <p class='ocr_par' dir='ltr' id='par_1_22' title="bbox 147 1274 1199 1324">
     <span class='ocr_line' id='line_1_23' title="bbox 147 1274 1199 1324; baseline -0.005 -8"><span class='ocrx_word' id='word_1_127' title='bbox 147 1277 260 1316; x_wconf 89' lang='lat' dir='ltr'>Molle</span> <span class='ocrx_word' id='word_1_128' title='bbox 287 1277 346 1315; x_wconf 88' lang='lat' dir='ltr'>vel</span> <span class='ocrx_word' id='word_1_129' title='bbox 374 1276 578 1324; x_wconf 87' lang='lat' dir='ltr'>implicitas</span> <span class='ocrx_word' id='word_1_130' title='bbox 606 1275 739 1324; x_wconf 85' lang='lat' dir='ltr'>gluten</span> <span class='ocrx_word' id='word_1_131' title='bbox 766 1274 1004 1323; x_wconf 83' lang='lat' dir='ltr'>circumligat</span> <span class='ocrx_word' id='word_1_132' title='bbox 1031 1275 1136 1312; x_wconf 88' lang='lat' dir='ltr'>alas:</span> <span class='ocrx_word' id='word_1_133' title='bbox 1194 1276 1199 1280; x_wconf 82' lang='grc'><strong>”</strong></span> 
     </span>
    </p>

    <p class='ocr_par' dir='ltr' id='par_1_23' title="bbox 150 1327 1187 1379">
     <span class='ocr_line' id='line_1_24' title="bbox 150 1327 1187 1379; baseline -0.004 -10"><span class='ocrx_word' id='word_1_134' title='bbox 150 1332 224 1370; x_wconf 83' lang='lat' dir='ltr'>Ast</span> <span class='ocrx_word' id='word_1_135' title='bbox 251 1330 362 1377; x_wconf 85' lang='lat' dir='ltr'>aliae,</span> <span class='ocrx_word' id='word_1_136' title='bbox 393 1341 486 1379; x_wconf 84' lang='lat' dir='ltr'>quas</span> <span class='ocrx_word' id='word_1_137' title='bbox 513 1329 643 1368; x_wconf 91' lang='lat' dir='ltr'>nullus</span> <span class='ocrx_word' id='word_1_138' title='bbox 670 1340 774 1367; x_wconf 87' lang='lat' dir='ltr'>amor</span> <span class='ocrx_word' id='word_1_139' title='bbox 800 1328 982 1377; x_wconf 86' lang='lat' dir='ltr'>prolectat</span> <span class='ocrx_word' id='word_1_140' title='bbox 1009 1327 1159 1373; x_wconf 87' lang='lat' dir='ltr'>edendi,</span> <span class='ocrx_word' id='word_1_141' title='bbox 1184 1358 1187 1360; x_wconf 83' lang='grc'>.</span> 
     </span>
    </p>

    <p class='ocr_par' dir='ltr' id='par_1_24' title="bbox 150 1382 1181 1430">
     <span class='ocr_line' id='line_1_25' title="bbox 150 1382 1181 1430; baseline -0.004 -7"><span class='ocrx_word' id='word_1_142' title='bbox 150 1384 349 1424; x_wconf 82' lang='lat' dir='ltr'>Gressibus</span> <span class='ocrx_word' id='word_1_143' title='bbox 376 1383 548 1422; x_wconf 86' lang='lat' dir='ltr'>innocuis</span> <span class='ocrx_word' id='word_1_144' title='bbox 576 1382 696 1422; x_wconf 89' lang='lat' dir='ltr'>sterili</span> <span class='ocrx_word' id='word_1_145' title='bbox 723 1382 938 1430; x_wconf 87' lang='lat' dir='ltr'>spatiantur</span> <span class='ocrx_word' id='word_1_146' title='bbox 964 1382 1005 1419; x_wconf 90' lang='lat' dir='ltr'>in</span> <span class='ocrx_word' id='word_1_147' title='bbox 1033 1382 1181 1427; x_wconf 77' lang='lat' dir='ltr'>herba,.</span> 
     </span>
    </p>

    <p class='ocr_par' dir='ltr' id='par_1_25' title="bbox 150 1434 1295 1487">
     <span class='ocr_line' id='line_1_26' title="bbox 150 1434 1295 1487; baseline -0.004 -10"><span class='ocrx_word' id='word_1_148' title='bbox 150 1439 437 1487; x_wconf 86' lang='lat' dir='ltr'>Suspectamque</span> <span class='ocrx_word' id='word_1_149' title='bbox 456 1439 591 1476; x_wconf 86' lang='lat' dir='ltr'>cavent</span> <span class='ocrx_word' id='word_1_150' title='bbox 610 1436 734 1475; x_wconf 88' lang='lat' dir='ltr'>oculos</span> <span class='ocrx_word' id='word_1_151' title='bbox 753 1436 965 1475; x_wconf 86' lang='lat' dir='ltr'>convertere</span> <span class='ocrx_word' id='word_1_152' title='bbox 980 1435 1028 1474; x_wconf 85' lang='lat' dir='ltr'>ad</span> <span class='ocrx_word' id='word_1_153' title='bbox 1048 1447 1186 1474; x_wconf 86' lang='lat' dir='ltr'>escam.</span> <span class='ocrx_word' id='word_1_154' title='bbox 1218 1434 1295 1473; x_wconf 88' lang='grc'>815</span> 
     </span>
    </p>

    <p class='ocr_par' dir='ltr' id='par_1_26' title="bbox 151 1489 1297 1538">
     <span class='ocr_line' id='line_1_27' title="bbox 151 1489 1297 1538; baseline -0.003 -8"><span class='ocrx_word' id='word_1_155' title='bbox 151 1493 238 1530; x_wconf 87' lang='lat' dir='ltr'>Mox</span> <span class='ocrx_word' id='word_1_156' title='bbox 265 1492 330 1530; x_wconf 89' lang='lat' dir='ltr'>ubi</span> <span class='ocrx_word' id='word_1_157' title='bbox 358 1492 434 1530; x_wconf 84' lang='lat' dir='ltr'>iam</span> <span class='ocrx_word' id='word_1_158' title='bbox 460 1491 562 1530; x_wconf 90' lang='lat' dir='ltr'>caelo</span> <span class='ocrx_word' id='word_1_159' title='bbox 588 1490 829 1529; x_wconf 86' lang='lat' dir='ltr'>revolandum</span> <span class='ocrx_word' id='word_1_160' title='bbox 849 1520 858 1537; x_wconf 88' lang='lat'>,</span> <span class='ocrx_word' id='word_1_161' title='bbox 888 1501 976 1538; x_wconf 88' lang='lat' dir='ltr'>pars</span> <span class='ocrx_word' id='word_1_162' title='bbox 1002 1489 1096 1538; x_wconf 89' lang='lat' dir='ltr'>petit</span> <span class='ocrx_word' id='word_1_163' title='bbox 1129 1489 1297 1527; x_wconf 86' lang='lat' dir='ltr'>aethram</span> 
     </span>
    </p>

    <p class='ocr_par' dir='ltr' id='par_1_27' title="bbox 151 1542 1159 1592">
     <span class='ocr_line' id='line_1_28' title="bbox 151 1542 1159 1592; baseline -0.004 -8"><span class='ocrx_word' id='word_1_164' title='bbox 151 1546 286 1584; x_wconf 85' lang='lat' dir='ltr'>Libera</span> <span class='ocrx_word' id='word_1_165' title='bbox 313 1545 509 1592; x_wconf 85' lang='lat' dir='ltr'>sideream,</span> <span class='ocrx_word' id='word_1_166' title='bbox 538 1544 722 1592; x_wconf 89' lang='lat' dir='ltr'>plaudens</span> <span class='ocrx_word' id='word_1_167' title='bbox 751 1555 860 1591; x_wconf 89' lang='lat' dir='ltr'>super</span> <span class='ocrx_word' id='word_1_168' title='bbox 888 1548 975 1581; x_wconf 71' lang='lat' dir='ltr'>aera</span> <span class='ocrx_word' id='word_1_169' title='bbox 1001 1542 1159 1592; x_wconf 85' lang='lat' dir='ltr'>pennis3</span> 
     </span>
    </p>

    <p class='ocr_par' dir='ltr' id='par_1_28' title="bbox 150 1596 1116 1647">
     <span class='ocr_line' id='line_1_29' title="bbox 150 1596 1116 1647; baseline -0.004 -9"><span class='ocrx_word' id='word_1_170' title='bbox 150 1601 246 1638; x_wconf 90' lang='lat' dir='ltr'>Pars</span> <span class='ocrx_word' id='word_1_171' title='bbox 274 1599 426 1647; x_wconf 88' lang='lat' dir='ltr'>captiva</span> <span class='ocrx_word' id='word_1_172' title='bbox 453 1598 565 1644; x_wconf 86' lang='lat' dir='ltr'>iacet,</span> <span class='ocrx_word' id='word_1_173' title='bbox 595 1597 729 1636; x_wconf 88' lang='lat' dir='ltr'>laceris</span> <span class='ocrx_word' id='word_1_174' title='bbox 756 1598 794 1635; x_wconf 85' lang='lat' dir='ltr'>et</span> <span class='ocrx_word' id='word_1_175' title='bbox 821 1596 950 1635; x_wconf 86' lang='lat' dir='ltr'>saucia</span> <span class='ocrx_word' id='word_1_176' title='bbox 976 1596 1116 1645; x_wconf 90' lang='lat' dir='ltr'>plumis</span> 
     </span>
    </p>

    <p class='ocr_par' dir='ltr' id='par_1_29' title="bbox 152 1649 1293 1702">
     <span class='ocr_line' id='line_1_30' title="bbox 152 1649 1293 1702; baseline -0.004 -10"><span class='ocrx_word' id='word_1_177' title='bbox 152 1655 306 1702; x_wconf 88' lang='lat' dir='ltr'>Pugnat</span> <span class='ocrx_word' id='word_1_178' title='bbox 332 1652 451 1700; x_wconf 91' lang='lat' dir='ltr'>humi,</span> <span class='ocrx_word' id='word_1_179' title='bbox 472 1654 510 1691; x_wconf 86' lang='lat' dir='ltr'>et</span> <span class='ocrx_word' id='word_1_180' title='bbox 527 1651 695 1690; x_wconf 88' lang='lat' dir='ltr'>volucres</span> <span class='ocrx_word' id='word_1_181' title='bbox 722 1650 972 1699; x_wconf 87' lang='lat' dir='ltr'>nequidquam</span> <span class='ocrx_word' id='word_1_182' title='bbox 992 1649 1149 1698; x_wconf 90' lang='lat' dir='ltr'>suspicit</span> <span class='ocrx_word' id='word_1_183' title='bbox 1167 1661 1293 1687; x_wconf 90' lang='lat' dir='ltr'>auras.</span> 
     </span>
    </p>

    <p class='ocr_par' dir='ltr' id='par_1_30' title="bbox 150 1703 1296 1753">
     <span class='ocr_line' id='line_1_31' title="bbox 150 1703 1296 1753; baseline -0.005 -7"><span class='ocrx_word' id='word_1_184' title='bbox 150 1707 210 1746; x_wconf 90' lang='lat' dir='ltr'>Sic</span> <span class='ocrx_word' id='word_1_185' title='bbox 237 1707 386 1745; x_wconf 87' lang='lat' dir='ltr'>animas</span> <span class='ocrx_word' id='word_1_186' title='bbox 413 1706 506 1745; x_wconf 87' lang='lat' dir='ltr'>caeli</span> <span class='ocrx_word' id='word_1_187' title='bbox 534 1706 578 1744; x_wconf 86' lang='lat' dir='ltr'>de</span> <span class='ocrx_word' id='word_1_188' title='bbox 606 1704 773 1744; x_wconf 88' lang='lat' dir='ltr'>fontibus</span> <span class='ocrx_word' id='word_1_189' title='bbox 801 1704 1013 1742; x_wconf 89' lang='lat' dir='ltr'>unicoloras</span> <span class='ocrx_word' id='word_1_190' title='bbox 1042 1704 1101 1753; x_wconf 86' lang='lat'>(4)</span> <span class='ocrx_word' id='word_1_191' title='bbox 1218 1703 1296 1741; x_wconf 83' lang='lat'>820</span> 
     </span>
    </p>

    <p class='ocr_par' dir='ltr' id='par_1_31' title="bbox 150 1757 1320 1807">
     <span class='ocr_line' id='line_1_32' title="bbox 150 1757 1320 1807; baseline -0.004 -8"><span class='ocrx_word' id='word_1_192' title='bbox 150 1760 328 1800; x_wconf 87' lang='lat' dir='ltr'>Infundit</span> <span class='ocrx_word' id='word_1_193' title='bbox 353 1762 490 1799; x_wconf 88' lang='lat' dir='ltr'>natura</span> <span class='ocrx_word' id='word_1_194' title='bbox 517 1760 616 1807; x_wconf 80' lang='lat' dir='ltr'>s0103</span> <span class='ocrx_word' id='word_1_195' title='bbox 649 1759 713 1798; x_wconf 89' lang='lat' dir='ltr'>sed</span> <span class='ocrx_word' id='word_1_196' title='bbox 742 1758 920 1797; x_wconf 90' lang='lat' dir='ltr'>suavibus</span> <span class='ocrx_word' id='word_1_197' title='bbox 947 1757 1034 1796; x_wconf 87' lang='lat' dir='ltr'>istic</span> <span class='ocrx_word' id='word_1_198' title='bbox 1316 1766 1320 1768; x_wconf 71' lang='grc'>’</span> 
     </span>
    </p>
   </div>
   <div class='ocr_carea' id='block_1_5' title="bbox 153 1845 1297 1971">
    <p class='ocr_par' dir='ltr' id='par_1_32' title="bbox 153 1845 1297 1971">
     <span class='ocr_line' id='line_1_33' title="bbox 216 1845 1297 1889; baseline -0.007 -9"><span class='ocrx_word' id='word_1_199' title='bbox 216 1850 262 1889; x_wconf 91' lang='grc'>(1)</span> <span class='ocrx_word' id='word_1_200' title='bbox 295 1852 435 1880; x_wconf 75' lang='lat' dir='ltr'>certaret.</span> <span class='ocrx_word' id='word_1_201' title='bbox 468 1866 510 1872; x_wconf 88' lang='grc'>-</span> <span class='ocrx_word' id='word_1_202' title='bbox 538 1849 642 1879; x_wconf 69' lang='lat' dir='ltr'>Gism„</span> <span class='ocrx_word' id='word_1_203' title='bbox 676 1850 832 1879; x_wconf 77' lang='lat' dir='ltr'>arctaret.</span> <span class='ocrx_word' id='word_1_204' title='bbox 857 1863 899 1870; x_wconf 93' lang='lat'>—-</span> <span class='ocrx_word' id='word_1_205' title='bbox 928 1847 1078 1885; x_wconf 68' lang='lat' dir='ltr'>marytne</span> <span class='ocrx_word' id='word_1_206' title='bbox 1103 1845 1231 1876; x_wconf 81' lang='lat' dir='ltr'>callem.</span> <span class='ocrx_word' id='word_1_207' title='bbox 1254 1859 1297 1872; x_wconf 92' lang='lat'><strong><em>=</em></strong></span> 
     </span>
     <span class='ocr_line' id='line_1_34' title="bbox 153 1890 982 1927; baseline -0.004 -4"><span class='ocrx_word' id='word_1_208' title='bbox 153 1893 257 1923; x_wconf 70' lang='lat' dir='ltr'>G1szn.</span> <span class='ocrx_word' id='word_1_209' title='bbox 282 1892 416 1921; x_wconf 78' lang='lat' dir='ltr'>tramite</span> <span class='ocrx_word' id='word_1_210' title='bbox 439 1891 554 1922; x_wconf 81' lang='lat' dir='ltr'>callem</span> <span class='ocrx_word' id='word_1_211' title='bbox 577 1891 608 1920; x_wconf 83' lang='lat' dir='ltr'>in</span> <span class='ocrx_word' id='word_1_212' title='bbox 633 1890 775 1927; x_wconf 80' lang='lat' dir='ltr'>margine</span> <span class='ocrx_word' id='word_1_213' title='bbox 796 1890 873 1921; x_wconf 77' lang='lat' dir='ltr'>edit.</span> <span class='ocrx_word' id='word_1_214' title='bbox 897 1898 982 1920; x_wconf 81' lang='lat' dir='ltr'>suae.</span> 
     </span>
     <span class='ocr_line' id='line_1_35' title="bbox 216 1932 822 1971; baseline 0 -8"><span class='ocrx_word' id='word_1_215' title='bbox 216 1933 262 1971; x_wconf 82' lang='lat'>(2)</span> <span class='ocrx_word' id='word_1_216' title='bbox 283 1933 434 1963; x_wconf 66' lang='lat' dir='ltr'>sidereis.</span> <span class='ocrx_word' id='word_1_217' title='bbox 458 1951 496 1955; x_wconf 89' lang='lat'><strong>—</strong></span> <span class='ocrx_word' id='word_1_218' title='bbox 519 1933 623 1964; x_wconf 59' lang='grc' dir='ltr'><strong>(ἤδη.</strong></span> <span class='ocrx_word' id='word_1_219' title='bbox 645 1932 822 1963; x_wconf 73' lang='lat' dir='ltr'>sideribus.</span> 
     </span>
    </p>
   </div>
   <div class='ocr_carea' id='block_1_6' title="bbox 216 1971 1295 2014">
    <p class='ocr_par' dir='ltr' id='par_1_33' title="bbox 216 1971 1295 2014">
     <span class='ocr_line' id='line_1_36' title="bbox 216 1971 1295 2014; baseline -0.003 -10"><span class='ocrx_word' id='word_1_220' title='bbox 216 1974 262 2014; x_wconf 84' lang='lat'>(3)</span> <span class='ocrx_word' id='word_1_221' title='bbox 284 1975 388 2005; x_wconf 83' lang='lat' dir='ltr'>Haud</span> <span class='ocrx_word' id='word_1_222' title='bbox 408 1984 510 2011; x_wconf 80' lang='lat' dir='ltr'>secus,</span> <span class='ocrx_word' id='word_1_223' title='bbox 532 1984 570 2005; x_wconf 79' lang='lat' dir='ltr'>ac</span> <span class='ocrx_word' id='word_1_224' title='bbox 590 1975 622 2005; x_wconf 75' lang='grc' dir='ltr'>εἰ</span> <span class='ocrx_word' id='word_1_225' title='bbox 643 1975 722 2004; x_wconf 83' lang='lat' dir='ltr'>olim</span> <span class='ocrx_word' id='word_1_226' title='bbox 745 1974 806 2004; x_wconf 82' lang='lat' dir='ltr'>etc.</span> <span class='ocrx_word' id='word_1_227' title='bbox 831 1973 984 2004; x_wconf 81' lang='lat' dir='ltr'>Callidum</span> <span class='ocrx_word' id='word_1_228' title='bbox 1006 1971 1216 2003; x_wconf 84' lang='lat' dir='ltr'>columborum</span> <span class='ocrx_word' id='word_1_229' title='bbox 1246 1980 1295 2002; x_wconf 85' lang='lat' dir='ltr'>ve-</span> 
     </span>
    </p>
   </div>
   <div class='ocr_carea' id='block_1_7' title="bbox 152 2017 1297 2099">
    <p class='ocr_par' dir='ltr' id='par_1_34' title="bbox 152 2017 1297 2099">
     <span class='ocr_line' id='line_1_37' title="bbox 152 2017 391 2048; baseline -0.004 -1"><span class='ocrx_word' id='word_1_230' title='bbox 152 2018 261 2048; x_wconf 84' lang='lat' dir='ltr'>natum</span> <span class='ocrx_word' id='word_1_231' title='bbox 285 2017 391 2047; x_wconf 84' lang='lat' dir='ltr'>habes.</span> 
     </span>
     <span class='ocr_line' id='line_1_38' title="bbox 216 2055 1297 2099; baseline -0.005 -10"><span class='ocrx_word' id='word_1_232' title='bbox 216 2057 267 2099; x_wconf 79' lang='lat'>(4)</span> <span class='ocrx_word' id='word_1_233' title='bbox 291 2058 488 2088; x_wconf 76' lang='lat' dir='ltr'>unicoloras.</span> <span class='ocrx_word' id='word_1_234' title='bbox 513 2057 679 2094; x_wconf 78' lang='lat' dir='ltr'>Um’color,</span> <span class='ocrx_word' id='word_1_235' title='bbox 691 2058 772 2094; x_wconf 72' lang='lat' dir='ltr'>oris,</span> <span class='ocrx_word' id='word_1_236' title='bbox 785 2066 843 2088; x_wconf 85' lang='lat' dir='ltr'>vox</span> <span class='ocrx_word' id='word_1_237' title='bbox 854 2056 969 2087; x_wconf 79' lang='lat' dir='ltr'>adiect.</span> <span class='ocrx_word' id='word_1_238' title='bbox 986 2064 1096 2086; x_wconf 89' lang='lat' dir='ltr'>comm.</span> <span class='ocrx_word' id='word_1_239' title='bbox 1112 2055 1235 2092; x_wconf 83' lang='lat' dir='ltr'>generis</span> <span class='ocrx_word' id='word_1_240' title='bbox 1249 2055 1297 2085; x_wconf 80' lang='lat' dir='ltr'>est</span> 
     </span>
    </p>
   </div>
   <div class='ocr_carea' id='block_1_8' title="bbox 153 2097 1294 2181">
    <p class='ocr_par' dir='ltr' id='par_1_35' title="bbox 153 2097 1294 2181">
     <span class='ocr_line' id='line_1_39' title="bbox 153 2097 1294 2138; baseline -0.004 -7"><span class='ocrx_word' id='word_1_241' title='bbox 153 2101 304 2138; x_wconf 81' lang='lat' dir='ltr'>quidquid</span> <span class='ocrx_word' id='word_1_242' title='bbox 325 2109 418 2130; x_wconf 90' lang='lat' dir='ltr'>unum</span> <span class='ocrx_word' id='word_1_243' title='bbox 434 2099 565 2130; x_wconf 82' lang='lat' dir='ltr'>colorem</span> <span class='ocrx_word' id='word_1_244' title='bbox 578 2100 758 2138; x_wconf 72' lang='lat' dir='ltr'>praoeefert.</span> <span class='ocrx_word' id='word_1_245' title='bbox 776 2099 841 2130; x_wconf 87' lang='lat' dir='ltr'>Vox</span> <span class='ocrx_word' id='word_1_246' title='bbox 854 2098 1058 2130; x_wconf 84' lang='lat' dir='ltr'>latinissima.</span> <span class='ocrx_word' id='word_1_247' title='bbox 1082 2097 1142 2128; x_wconf 81' lang='lat' dir='ltr'>Sed</span> <span class='ocrx_word' id='word_1_248' title='bbox 1155 2098 1294 2128; x_wconf 73' lang='lat' dir='ltr'>unicolo-</span> 
     </span>
     <span class='ocr_line' id='line_1_40' title="bbox 154 2141 767 2181; baseline -0.003 -8"><span class='ocrx_word' id='word_1_249' title='bbox 154 2153 226 2180; x_wconf 75' lang='lat' dir='ltr'>rus,</span> <span class='ocrx_word' id='word_1_250' title='bbox 242 2153 276 2180; x_wconf 85' lang='lat' dir='ltr'>a,</span> <span class='ocrx_word' id='word_1_251' title='bbox 299 2153 354 2172; x_wconf 86' lang='lat' dir='ltr'>um</span> <span class='ocrx_word' id='word_1_252' title='bbox 370 2141 610 2181; x_wconf 83' lang='lat' dir='ltr'>prudentianum</span> <span class='ocrx_word' id='word_1_253' title='bbox 631 2142 767 2172; x_wconf 89' lang='lat' dir='ltr'>omnino.</span> 
     </span>
    </p>
   </div>
  </div>
 </body>
</html>
