1566 2482
13 1935 19 1946 a
7 1802 25 1914 «ψαῦ’-’5
0 1767 16 1792 ‘⁵‘
0 1731 1 1735 Α

563 146 849 188 rsrdnoncmA
879 134 882 135 ⁷
1147 118 1150 119 ⁷
1205 145 1281 186 155

133 270 381 318 Pascendam,
409 270 625 318 praestante
652 269 747 317 Deo,
775 279 852 308 non
892 267 1006 307 anxia
1032 267 1188 308 credat?

133 324 336 364 confidunt
361 323 530 364 volucres
556 322 699 362 victum
724 333 802 362 non
828 321 966 370 defore,
995 321 1105 371 viles,
1203 322 1282 361 620

134 377 426 427 Passeribusque
453 377 582 417 subest
608 376 751 416 modico
777 376 974 415 venalibus
1000 387 1086 415 asse

133 432 354 471 Indubitate.
381 431 489 479 fides,
520 431 721 470 Dominum
747 442 876 469 curare
904 430 1107 479 potentem,

134 487 192 524 Ne
221 486 389 534 pereant.
421 486 477 523 Tu
504 496 594 524 cura
620 485 706 532 Dei,
735 483 851 523 facies
878 495 1022 533 quoque
1051 482 1208 530 Christi,

133 539 345 578 Addubitas
374 538 452 589 (1),
482 550 528 577 ne
548 540 584 577 te
611 540 699 577 tuus
717 550 895 587 umquam
927 537 1073 576 deserat
1100 538 1256 576 auctor?

134 594 194 632 Ne
212 593 410 642 trepidate,
432 592 602 631 homines
618 593 703 643 (2):
726 593 826 632 vitae
846 592 953 631 dator
981 593 1018 630 et
1046 591 1154 697 dattor
1180 602 1286 630 escae

1101 646 1173 685 est.
1205 645 1283 684 625

133 700 306 751 Quaerite
333 699 530 739 luciferum
555 699 708 739 caelesti
737 700 909 748 dogmate
936 700 1104 748 pastum,

132 754 203 801 Qui
231 766 335 803 spem
363 754 621 802 multiplicans
648 753 728 792 alat
754 753 984 792 inviolabilis
1013 753 1074 803 (3)
1103 751 1202 800 aevi,

134 808 306 856 Corporis
333 807 586 848 immemores:
618 818 756 846 memor
783 809 856 855 est,
887 807 951 855 qui
978 806 1146 845 condidit
1171 806 1282 854 illud,

134 862 379 910 Suppeditare
406 862 523 909 cibos,
554 863 665 910 atque
693 861 827 910 indiga
853 861 1019 899 membra
1045 860 1212 900 fovere.»
1235 881 1285 888 —-

133 915 208 954 His
227 915 339 954 dictis
363 927 474 954 curae
501 916 659 961 emotae,
682 916 818 963 metus,
838 916 876 953 et
902 914 1023 963 labor,
1045 916 1083 953 et
1100 914 1174 962 vis,
1207 915 1285 953 630

135 970 183 1007 Et
210 969 347 1017 scelus,
378 971 415 1007 et
442 969 602 1018 placitae
629 969 735 1007 Fidei
762 969 867 1007 fraus
894 968 1098 1007 inficiatrix

133 1023 319 1070 Depulsae
346 1025 488 1062 vertere
517 1023 652 1064 solum.
683 1024 764 1061 Pax
791 1023 878 1061 inde
906 1020 1050 1070 fugatis

76 1079 80 1082 ⁴
134 1076 320 1115 Hostibus
348 1077 449 1115 alma
477 1076 599 1125 abigit
625 1076 779 1124 bellum,
810 1076 1034 1124 discingitur
1062 1076 1183 1115 omnis

134 1130 281 1178 Terror,
310 1131 348 1169 et
375 1130 518 1169 avulsis
545 1130 723 1169 exfibulat
748 1130 817 1168 ilia
845 1129 904 1181 (4)
933 1129 1049 1168 zonis.

135 1183 262 1223 Vestis
290 1184 338 1222 ad
364 1196 482 1233 usque
509 1184 621 1232 pedes
654 1184 879 1223 descendens
909 1183 1040 1222 defluit
1068 1183 1178 1231 imos,
1209 1184 1286 1222 635

134 1237 331 1286 Temperat
358 1239 395 1276 et
422 1237 593 1286 rapidum
620 1237 768 1286 privata
794 1237 977 1276 modestia
1003 1249 1190 1286 gressum.

135 1291 374 1331 cornicinum
403 1291 463 1341 (5)
493 1303 608 1331 curva
635 1303 724 1330 aera
751 1292 884 1339 silent,
915 1291 1112 1340 placabilis
1132 1291 1263 1340 implet

136 1344 326 1394 Vaginam
354 1345 519 1394 gladius,
551 1346 682 1384 sedata
707 1347 746 1384 et
772 1346 922 1394 pulvere
949 1345 1073 1393 campi

135 1398 236 1436 Suda
263 1399 360 1438 redit
387 1399 518 1447 facies,
547 1399 712 1448 liquidae
741 1399 821 1438 sine
849 1400 947 1438 nube
975 1399 1050 1438 diei

136 1452 367 1500 Purpuream
394 1452 523 1492 videas
551 1453 645 1492 caeli
671 1453 872 1492 clarescere
900 1453 1035 1492 lucem.
1209 1452 1288 1491 640

135 1506 304 1554 Agmina
331 1507 441 1544 casta
468 1518 578 1554 super
605 1506 751 1545 vultum
778 1518 925 1545 sensere
951 1506 1135 1546 Tonantis

135 1559 318 1598 Adridere
346 1559 486 1598 hilares
513 1559 621 1607 pulso
648 1560 850 1599 certamine
877 1561 1038 1608 turmae,

136 1613 185 1651 Et
215 1613 404 1653 Christum
431 1613 592 1662 gaudere
621 1614 699 1653 suis
726 1614 944 1661 victoribus,
966 1625 1089 1652 arcem

202 1773 247 1812 (1)
270 1772 471 1804 Αᾱᾶιώἰέαε.
495 1790 537 1796 -
560 1773 664 1804 GISEL.
690 1774 744 1804 An
766 1772 914 1805 dubitas.

201 1823 246 1861 (2)
266 1823 316 1853 Ne
325 1822 498 1861 trepidate,
518 1822 676 1852 homines.
695 1821 732 1853 V.
745 1822 896 1853 Ivvmur..
911 1822 983 1854 Sat.
1000 1822 1043 1859 X,
1059 1822 1134 1859 347,
1153 1822 1186 1852 et
1200 1830 1289 1859 seqq.

201 1869 248 1909 (3)
273 1869 491 1901 inviolabilis.
515 1869 551 1899 In
572 1877 628 1900 ora
648 1869 728 1900 edit.
749 1878 825 1900 suae
846 1871 987 1903 Grssun.
1010 1869 1231 1900 insatiabilis.
1250 1886 1288 1891 —-

136 1916 298 1954 Nonnulli,
321 1925 341 1948 a
373 1925 519 1954 germana
552 1917 718 1949 latinitate
744 1918 934 1955 recedentes,
962 1917 1166 1948 inve‘tiabilis
1185 1917 1288 1955 legere

139 1971 288 2004 pergunt.

202 2013 248 2053 (4)
268 2013 438 2051 exfibulat,
462 2013 630 2051 diffibulat,
654 2013 749 2046 fibula
770 2014 876 2046 solvit.
900 2014 1033 2045 Videtur
1055 2014 1182 2045 verbum
1206 2013 1290 2044 'Pru-

140 2061 336 2092 dontianum.

204 2108 254 2150 (5)
277 2108 505 2141 Gor-uicinum.
528 2109 694 2152 Cornicen,
713 2110 763 2143 est
784 2110 837 2148 qui
860 2109 893 2141 in
914 2109 1033 2141 militia
1055 2118 1149 2142 cornu
1171 2108 1271 2142 canit.
