1566 2482
285 154 363 193 200
665 164 817 191 Avitum
843 163 1045 191 PRVDENTII

335 272 374 310 Si
402 283 527 310 verum
556 270 726 319 quaeris3
757 270 904 309 Triviae
932 270 1001 309 sub
1022 270 1171 310 nomine
1187 270 1246 320 (1)
1262 272 1421 312 daemon

335 326 535 363 Tartareus
561 324 709 370 colitur,
732 323 796 372 qui
822 325 860 362 te
878 324 985 367 modo
1013 325 1139 372 raptat
1157 326 1205 362 ad
1233 325 1417 372 aethram,

339 378 556 426 Sidereoque
578 377 686 415 deum
699 377 952 415 venerandum
971 377 1102 416 suadet
1119 377 1160 416 in
1178 379 1302 417 astro:
1320 375 1419 430 [8⁰70

338 432 410 470 Per
437 431 553 469 silvas
579 430 687 468 modo
715 430 894 468 mortiferi
922 430 1123 469 discurrere
1151 431 1295 478 mundi,

337 485 562 532 Erroresque
590 483 694 532 sequi
722 483 877 531 subigit,
907 495 1168 532 nemorumque
1194 485 1325 532 putare

335 539 428 576 Esse
457 538 576 584 deam,
598 548 692 585 quae
720 537 831 575 corda
856 537 1049 575 hominum
1067 537 1280 585 pavitantia
1306 537 1415 586 figat,

335 593 509 639 Quaeque
535 590 633 629 feras
661 591 819 638 perimat
845 590 949 628 letali
976 590 1127 628 vulnere
1154 592 1317 637 mentes:
1340 591 1417 629 375

336 646 538 692 Depressos
565 644 671 682 modo
699 644 827 682 subter
854 644 1005 681 humum
1034 643 1230 682 formidine
1259 654 1392 683 sensus

337 697 485 744 Obruit,
517 697 715 745 implorent
743 698 785 734 ut
812 697 967 734 numina
993 696 1091 735 lucis
1119 708 1252 745 egena,

336 751 451 799 Seque
478 750 653 798 potestati
680 750 917 788 committant
942 750 1064 788 noctis
1091 750 1255 798 opertae.

285 804 440 852 Respice
467 803 620 842 terrifici
647 803 825 842 scelerata
853 803 1017 841 sacraria
1044 803 1158 849 Ditis,

335 858 403 896 Cui
431 858 531 896 cadit
558 857 726 895 infausta
753 856 859 895 fusus
887 856 1075 905 gladiator
1105 857 1164 905 (2)
1185 867 1314 902 arena,
1337 856 1415 894 380

339 912 425 949 Heu
453 911 549 949 male
576 911 757 948 lustratae
778 909 1067 958 Phlegethontia
1096 910 1247 947 victima
1264 910 1417 948 Romae!

335 965 436 1002 Nam
463 964 552 1012 quid
579 964 708 1002 vesani
737 963 808 1001 sibi
837 963 918 1001 vult
944 975 1005 1001 ars
1034 963 1150 1010 impia
1176 961 1286 1001 ludi?

338 1017 434 1064 Quid
447 1018 582 1056 mortes
598 1016 789 1054 iuvenum?
804 1016 891 1064 quid
907 1016 1091 1065 sanguine
1105 1017 1214 1064 pasta
1227 1015 1420 1063 voluptas?

338 1071 434 1116 Quid
460 1070 585 1118 pulvis
612 1081 745 1108 caveae
774 1081 916 1117 semper
942 1069 1124 1114 funebris,
1156 1071 1193 1106 et
1219 1068 1287 1106 illa

336 1123 670 1171 Amphitheatralis
699 1123 909 1170 spectacula
935 1122 1060 1160 tristia
1087 1122 1270 1169 pompae?
1340 1121 1418 1160 385

338 1177 479 1224 Nempe
510 1176 656 1213 Charon
686 1175 826 1223 iugulis
854 1175 1070 1213 miserorum
1098 1187 1136 1213 se
1164 1175 1255 1212 duce
1285 1173 1420 1224 dignas

337 1230 486 1277 Accipit
513 1228 679 1274 inferias,
707 1229 879 1276 placatus
908 1228 1061 1266 crimine
1090 1239 1208 1266 sacro.

336 1284 418 1321 Hae
447 1284 538 1321 sunt
565 1281 721 1320 deliciae
750 1281 852 1319 Iovis
881 1281 1100 1319 infernalis:
1132 1281 1173 1318 in
1201 1281 1286 1320 istis

338 1336 487 1374 Arbiter
515 1335 661 1374 obscuri
688 1335 858 1382 placidus
885 1334 1082 1383 requiescit
1110 1333 1265 1372 Averni.

336 1390 471 1427 Nonne
504 1389 617 1437 pudet
653 1399 777 1436 regem
815 1388 990 1436 populum
1011 1388 1069 1436 (3)
1091 1387 1319 1491 sceptrisque
1351 1397 1416 1434 po-

1175 1441 1314 1480 tentem
1341 1440 1420 1478 390

337 1495 444 1534 Talia
470 1507 536 1543 pro
563 1495 705 1543 patriae
734 1506 882 1533 censere
909 1494 1056 1532 litanda
1085 1493 1234 1532 salute?

338 1549 545 1597 Religionis
573 1560 679 1596 opem
707 1548 895 1586 subternis
921 1559 1070 1595 poscere
1099 1547 1147 1585 ab
1174 1546 1323 1585 antris?

337 1603 493 1648 Evocat,
523 1603 610 1640 heu!
641 1601 772 1649 poenis
799 1601 996 1639 tenebrosa
1023 1612 1068 1638 ex
1095 1600 1179 1639 sede
1208 1599 1422 1638 ministrum

336 1655 532 1701 Intermis,
563 1655 727 1703 speciosa
755 1654 947 1693 hominum
966 1653 1027 1692 cui
1054 1653 1188 1692 funera
1217 1652 1353 1691 solvat.

347 1802 392 1840 (1)
419 1802 550 1831 Triviae
571 1800 632 1830 snb
651 1799 792 1834 nomine,
817 1800 884 1828 sive
906 1798 986 1836 quod
1007 1807 1045 1828 ox
1068 1798 1203 1828 Varrone
1223 1805 1292 1828 eam
1311 1797 1420 1829 Graeci

284 1843 317 1872 in
338 1843 444 1873 triviis
466 1842 624 1880 ponerent,
648 1842 715 1871 sine
737 1840 816 1877 quod
843 1843 905 1870 tres
927 1840 994 1869 vias
1015 1839 1187 1869 discurrere
1209 1839 1304 1869 moris
1327 1838 1420 1869 habe·

283 1885 351 1920 bat,
375 1884 568 1921 terrestrem,
592 1882 758 1912 caelestem
780 1883 814 1911 ot
835 1882 1015 1911 inferorum.

347 1926 392 1964 (2)
415 1926 567 1963 infausta
588 1925 685 1962 fusus
706 1932 824 1954 arena.
852 1923 885 1952 V.
916 1923 999 1952 infra
1017 1922 1107 1952 Cont.
1123 1922 1249 1960 Symm.
1266 1921 1309 1957 11,
1326 1920 1418 1953 1090.

352 1966 400 2007 (3)
421 1975 530 2006 reyem
556 1966 726 2004 populum,
751 1966 804 2001 qui
833 1963 894 1994 fuit
925 1964 1084 1994 Romanus
1108 1963 1144 1993 V.
1171 1963 1262 1994 vum.
1285 1963 1370 1992 Aen.
1392 1961 1419 1998 1.

284 2008 336 2037 21·
360 2025 402 2030 —
424 2009 562 2039 Glsutm.
586 2007 619 2036 in
639 2016 696 2037 sua
717 2006 793 2036 edit.
817 2005 972 2041 Parisina‚
995 2005 1119 2043 saepius
1133 2004 1221 2034 nobis
1234 2003 1421 2040 memorata.

285 2049 453 2080 describit:
478 2061 495 2077 «
518 2058 625 2088 reyem
647 2049 844 2087 sceptrisque
859 2049 1019 2086 potentem
1043 2057 1072 2077 ».
1097 2046 1156 2077 Sed
1177 2045 1420 2084 praestantiores

283 2092 482 2121 membranae
503 2091 701 2120 Theolianam
724 2090 840 2119 habent
854 2088 926 2119 lect.
944 2097 1034 2126 quam
1059 2088 1209 2117 Humsws
1229 2095 1318 2117 suam
1332 2085 1420 2116 fecit.
