1566 2482
49 229 65 233 ·
591 225 879 254 ΡεΥσΗοΜΛοΗῙΑ
1230 212 1311 252 129

158 342 233 382 Hic
258 339 328 380 tibi
356 339 445 378 finis
472 337 558 384 erit,
589 347 733 385 semper
759 337 949 385 prostrata
976 329 1141 381 iacebis3

158 397 239 436 Nec
263 394 341 433 iam
367 391 581 432 mortiferas
609 389 765 430 audebis
792 401 966 438 spargere
996 390 1168 428 flammas
1258 391 1308 428 55

158 451 207 490 In
235 448 395 487 famulos
421 445 630 485 famulasve
659 444 751 483 Dei:
783 443 916 492 quibus
945 443 1081 482 intima
1107 444 1203 483 casti

157 506 265 545 Vena
292 501 410 541 animi
437 501 518 540 sola
545 499 663 538 fervet
690 499 734 537 de
762 498 935 546 lampade
964 498 1118 536 Christi.
1171 526 1173 528 .

156 560 270 605 Tene,
301 568 322 596 ο
348 554 520 595 venatrix
549 553 610 604 (1)
640 552 849 599 hominum,
880 552 1045 600 potu1sse
1073 552 1250 590 resumtis

156 612 310 652 Viribus
336 608 514 648 exstincti
541 606 677 658 capitis
701 606 765 655 ‚(2)
794 607 1015 645 recalescere
1043 606 1134 644 flatu
1149 608 1167 644 ⁴?

158 665 354 716 Assyrium
373 664 570 712 postquam
584 661 793 700 thalamum
806 660 929 713 cervix
950 659 1201 708 Holophernis

158 775 291 820 Caesa,
320 770 517 819 cupidineo
545 769 796 808 madefactum
823 767 1008 816 sanguine
1036 767 1146 814 lavit,
1242 712 1256 764 ἱ

157 827 488 873 Gemmanteinque
501 825 624 863 torum
636 823 696 872 (3)
718 822 860 861 moechi
879 822 986 860 ducis
1000 833 1134 869 aspera
1151 820 1283 860 Iudith

157 882 319 931 Sprevit‚
348 881 386 918 et
412 879 575 917 incestos
603 877 830 925 compescuit
857 887 944 915 ense
971 875 1138 922 furores,

159 937 358 974 Famosum
384 932 518 971 mulier
543 931 707 970 referens
735 942 779 969 ex
806 930 912 969 hoste
938 930 1147 977 tropaeum,

158 991 246 1029 Non
263 988 474 1037 trepidante
493 997 608 1024 manu
624 985 758 1023 vindex
776 997 859 1022 mea
877 983 1034 1022 coelitus
1055 983 1115 1032 (4)
1136 983 1279 1021 audax.

158 1097 214 1136 At
238 1096 398 1135 fortasse
427 1095 487 1143 (5)
517 1104 650 1141 parum
679 1091 788 1130 fortis
816 1092 988 1130 matrona
1016 1091 1086 1129 sub
1111 1035 1255 1129 umbra[

123 1185 127 1189 .
158 1150 272 1200 Legis
299 1149 423 1188 adhuc
450 1158 643 1196 pugnans,
674 1147 763 1185 dum
789 1147 957 1193 tempora
985 1147 1115 1183 nostra
1151 1145 1308 1193 figurat,

157 1206 256 1244 Vera
282 1203 419 1252 quibus
448 1201 568 1240 virtus
597 1202 656 1250 (6)
686 1202 834 1239 terrena
862 1200 1086 1251 inlcorpora
1115 1198 1239 1250 fluxit,

157 1324 275 1355 sarium
291 1321 414 1357 feriret,
425 1329 542 1358 magna
557 1328 630 1351 voce
642 1319 682 1350 ad
698 1319 913 1357 contemptum
931 1329 948 1347 «
973 1319 1029 1349 hoc
1046 1318 1162 1349 habet!
1177 1329 1194 1346 »
1210 1318 1310 1349 excla—

158 1374 244 1398 mare
264 1365 480 1396 consueverat.
510 1363 573 1393 Nos
601 1362 792 1393 diceremus:
810 1361 855 1391 ha
877 1361 904 1391 il
927 1362 1010 1399 fatto
1024 1370 1095 1392 suo.
1118 1361 1158 1391 V.
1180 1361 1305 1392 Domi.

158 1409 202 1439 ad
226 1408 354 1439 Terent.
379 1405 488 1435 Andr.
513 1405 538 1439 1,
565 1405 596 1441 1,
619 1405 677 1439 56;
702 1404 794 1434 vnzc..
812 1404 897 1435 Aen.
920 1403 994 1439 XII,
1019 1403 1094 1434 296.
1119 1399 1203 1434 Llps.
1221 1402 1243 1434 l.
1270 1403 1306 1433 11

158 1450 286 1482 Saturn.
310 1457 339 1480 c.
363 1447 415 1478 21.

222 1491 267 1529 (l)
289 1493 372 1525 tene,
395 1499 412 1519 o
435 1488 601 1519 venatrix.
632 1486 708 1523 Alii,
735 1487 909 1524 vexatriae;
930 1487 984 1517 sed
1014 1486 1140 1517 videtur
1170 1485 1308 1515 officina-

159 1535 238 1565 toris
265 1531 390 1562 librarii
414 1528 559 1575 σφάλμα
595 1528 633 1562 τὸ
661 1530 823 1559 vexatrix.
856 1545 895 1551 —
923 1530 1082 1567 potuisse,
1112 1526 1241 1572 ἐλλειψ.
1274 1530 1309 1557 et

158 1580 346 1613 subauditur
365 1578 486 1608 decuit.
515 1578 548 1607 V.
570 1576 659 1606 Vnm.
685 1577 766 1606 Aen.
793 1576 818 1614 1,
844 1575 897 1608 37.

221 1623 270 1662 (2)
291 1620 446 1651 eaestimti·
466 1619 595 1658 capitis.
618 1619 787 1654 Postquam
809 1617 918 1648 Iudith
940 1617 1037 1656 caput
1052 1616 1230 1647 Holofernis
1251 1617 1309 1647 de-

157 1665 266 1701 cussit,
281 1664 316 1693 tu
333 1662 489 1693 videbaris
504 1661 624 1700 pariter
638 1669 708 1690 cum
724 1668 795 1698 rege
811 1659 1023 1698 impurissimo
1038 1659 1199 1693 extincta;
1227 1667 1308 1688 nunc

159 1716 231 1738 vero
252 1713 385 1743 quonam
408 1703 498 1734 modo
520 1702 692 1739 reviviscis,
715 1702 929 1741 pristinasque
952 1701 1034 1731 vires
1049 1701 1208 1731 resumis?
1224 1700 1306 1732 Male

158 1750 306 1781 Gisstm:
328 1747 440 1776 cervix
460 1745 653 1783 Holoperni.

220 1790 266 1828 (3)
285 1790 565 1828 qemmantemque
586 1789 706 1817 torum.
725 1802 764 1824 .-
788 1786 1059 1824 Gemmatumque
1075 1787 1185 1814 iorum
1207 1784 1306 1814 Weit-

158 1833 242 1863 ziani
257 1830 345 1862 codd.
363 1838 463 1864 m.ss.:
480 1832 514 1860 et
527 1829 662 1866 quinque
685 1828 848 1863 Vaticani;
866 1827 979 1865 quibus
995 1826 1207 1865 adstipulatur
1224 1825 1307 1856 V1cr.

159 1875 337 1906 Gisntmvs.

222 1915 267 1954 (4)
289 1914 436 1950 coelitus,
457 1921 566 1950 graece
588 1909 786 1958 οὐρανόθεν.
809 1912 846 1941 V.
876 1908 961 1956 Περὶ
986 1908 1085 1954 Στεφ,
1111 1909 1200 1946 ΧΙΙΙ,
1226 1910 1274 1940 10.

223 1963 268 2001 (5)
290 1964 325 1992 αι
346 1961 499 1999 fortasse.
523 1960 593 1996 Sed,
618 1960 680 1990 nisi
702 1968 772 1990 mea
792 1967 842 1990 me
863 1958 949 1989 fallit
970 1959 1086 1996 opinio,
1110 1957 1167 1988 hoc
1188 1957 1306 1993 evenit,

160 2005 238 2042 quod
261 2004 370 2034 ludiht
389 2003 446 2032 sub
468 2002 546 2039 legis
578 2002 690 2033 umbra
717 2002 808 2038 Legis
830 2001 946 2032 veteris
966 2000 1137 2038 pugnaret,
1170 1999 1307 2030 nendum

159 2048 250 2085 Legis
277 2053 374 2076 novae
395 2044 502 2082 gratia.
523 2044 679 2074 roborata.

222 2088 268 2127 (6)
290 2096 368 2118 vera
390 2087 510 2116 virtus.
534 2085 616 2116 Ante
637 2085 854 2124 Redemptoris
875 2084 930 2115 Dei
953 2083 1135 2120 adventum.
1158 2082 1307 2113 mortales

160 2139 275 2170 poenae
297 2128 473 2164 formidine,
496 2136 556 2158 non
577 2136 682 2158 amore
701 2127 847 2158 iustitiae
861 2127 902 2158 ad
922 2125 1078 2164 agendum
1099 2124 1304 2159 ducebantur:

158 2173 349 2212 quapropter
370 2170 431 2200 viri
453 2177 603 2206 germana
617 2169 736 2201 virtute
756 2168 894 2209 praediti
909 2167 1091 2199 enituerunt
1105 2168 1177 2206 post
1203 2167 1306 2198 Iesum

244 2250 283 2282 A.
308 2250 488 2281 Pavnrmu
514 2248 632 2288 opera.
1205 2246 1224 2276 9
