1566 2482
226 2122 230 2124 ·
246 2118 324 2155 vius,
350 2127 366 2149 e
380 2117 493 2158 Stygia
503 2118 613 2158 palude
635 2119 787 2152 exoriens

266 166 316 206 52
647 176 799 205 Avnnmr
827 177 1028 208 Pavonum

262 295 424 332 Parvum
453 293 496 331 de
524 291 643 331 nihilo
669 291 830 340 primum
857 291 951 331 fuit:
982 289 1112 331 addita
1138 304 1253 341 parvo

260 347 496 386 Incrementa
523 346 641 385 modis
669 347 853 384 auxerunt
881 346 1005 385 omnia
1025 346 1159 395 plenis.
1327 346 1403 386 '730

259 402 359 450 Ergo
383 411 450 449 ego
470 411 581 448 quum
601 399 747 439 videam
766 399 937 439 manibus
957 400 1011 439 sic
1028 412 1188 440 crescere
1208 399 1349 440 Christi

262 456 383 493 Parva
402 454 581 493 alimenta
598 453 804 501 hominum,
825 465 975 502 possum
994 454 1163 493 dubitare
1181 466 1246 503 per
1262 454 1384 503 ipsum

259 508 426 557 Exiguas
452 519 575 546 rerum
602 507 755 555 species,
786 507 1036 556 elementaque
1062 508 1191 547 mundi

259 563 315 600 Ex
343 561 460 599 nihilo
487 561 647 610 primum
673 561 831 608 modica,
852 562 889 600 et
915 572 999 600 mox
1017 561 1177 610 grandia
1205 562 1345 601 sensim

260 615 440 662 Crevisse,
472 627 516 653 ex
543 615 697 653 modicis
725 626 817 663 quae
835 616 1053 654 consumata
1070 615 1265 654 videmus?
1323 616 1398 654 735

258 671 314 707 Ac
343 680 388 706 ne
415 669 500 717 post
526 668 717 707 hominum
744 670 873 716 pastus
901 668 1045 707 calcata
1072 669 1249 717 perirent,

259 723 360 760 Neve
388 722 518 760 relicta
543 722 657 770 lupis,
689 723 754 760 aut
781 722 969 770 vulpibus,
1000 722 1188 770 exiguisve

257 775 426 814 Muribus
454 775 495 814 in
522 776 698 823 praedam
726 775 829 814 nullo
857 776 1006 814 custode
1034 775 1219 814 iacerentz

258 829 323 867 Bis
350 840 413 867 sex
440 829 615 877 adpositi,
647 829 865 868 cumulatim
893 829 957 877 qui
984 830 1082 867 bona
1110 828 1249 868 Christi

255 884 450 921 Sorvarent
477 883 643 931 gravidis
670 882 798 931 procul
826 884 1015 921 ostentata
1042 882 1230 922 canistris.
1323 883 1398 922 740

256 937 325 974 Sed
352 935 441 984 quid
468 947 536 984 ego
564 937 655 974 haec
682 937 806 974 autem
832 936 1013 975 titubanti
1039 947 1126 975 voce
1153 937 1289 983 retexo,

256 989 442 1038 Indignus
471 990 534 1038 qui
561 991 693 1028 sancta
721 990 1070 1028 canam?.Procede
1099 990 1281 1038 sepulcro,

254 1045 404 1089 Lazare,
437 1043 509 1090 dic,
541 1043 645 1081 cuius
673 1054 799 1082 vocem
826 1043 957 1081 tellure
986 1044 1054 1082 sub
1081 1043 1158 1081 ima

252 1096 449 1135 Audieris:
482 1108 574 1144 quae
603 1097 660 1135 vis
688 1096 937 1144 penetraverit
965 1097 1092 1135 abdita
1119 1096 1200 1143 leti,

251 1150 369 1196 Quod,
383 1161 497 1198 quum
515 1151 550 1188 te
571 1150 740 1189 Christus
755 1150 902 1198 penitus
917 1150 1092 1199 nigrante
1106 1150 1288 1198 profundo
1319 1151 1393 1188 745

253 1205 472 1242 Immersum
499 1205 620 1250 vocat,
650 1205 693 1242 ut
718 1204 867 1250 redeas3
899 1215 964 1242 ceu
993 1204 1194 1252 proximus,
1226 1203 1346 1242 audis.

252 1258 330 1296 Nec
356 1258 562 1295 remoratus
590 1257 706 1295 ades?
735 1258 836 1304 Quae
855 1258 934 1295 tam
962 1258 1087 1296 vicina
1116 1257 1322 1306 Charybdis

252 1312 385 1359 Regna
411 1311 647 1349 tenebrarum
674 1310 777 1348 tenui
806 1311 986 1349 distantia
1014 1312 1088 1350 fine

253 1364 456 1412 Coniungit
473 1364 646 1412 superis?
665 1364 729 1403 ubi
747 1365 915 1402 Taenara
941 1364 1065 1403 tristia
1093 1363 1153 1414 (1)
1182 1365 1288 1403 vasto

251 1419 298 1456 In
326 1429 500 1466 praeceps
529 1418 668 1456 deiecta
695 1418 801 1465 chao,
831 1418 1038 1457 latebrosus
1066 1420 1102 1456 et
1128 1418 1190 1456 1110
1316 1419 1391 1456 750

250 1471 384 1510 Amnis
412 1471 609 1519 inexpletis
637 1471 788 1510 volvens
816 1471 987 1510 incendia
1013 1472 1133 1519 ripis?

249 1526 348 1563 Ante
376 1524 473 1563 fores
499 1525 649 1572 tumuli,
681 1537 775 1573 quas
803 1537 893 1563 saxa
921 1525 1099 1563 immania
1127 1525 1217 1563 duro

248 1578 374 1617 Obiice
402 1578 639 1625 damnarant,
672 1578 832 1626 scopulis
861 1579 1074 1618 substructa
1101 1578 1259 1626 cavatis,

248 1633 330 1670 Stat
357 1631 553 1679 Dominus,
584 1643 789 1680 nomenque
817 1631 888 1670 ciet
915 1632 1089 1681 frigentis
1117 1631 1241 1671 amici.

249 1686 329 1723 Nec
357 1696 480 1724 mora:
512 1685 684 1724 funereus
712 1685 889 1724 revolutis
916 1686 1069 1734 rupibus
1097 1686 1223 1724 horror
1310 1686 1384 1725 755

246 1738 395 1777 Evomit
422 1739 614 1787 exsequias
641 1739 834 1788 gradiente
864 1739 1040 1777 cadavere
1068 1739 1187 1778 vivas.

246 1868 424 1907 consuescit
435 1867 541 1899 vivere
548 1877 703 1904 massam,
713 1867 884 1905 elegantior
894 1868 1028 1905 castiorq
1033 1877 1078 1901 ue.
1088 1877 1126 1899 ex
1138 1869 1385 1900 membranarum

246 1910 315 1940 fide.
329 1910 410 1940 Ante
434 1910 592 1940 Hnmswu
612 1910 705 1940 lectio
721 1910 874 1940 obtinuit:
897 1911 1077 1940 consuescit
1089 1911 1211 1949 finqere
1225 1920 1383 1944 massam.

289 1951 336 1991 (1)
361 1951 415 1990 ubi
446 1953 590 1982 Taenara
611 1952 738 1982 tristia.
768 1952 941 1988 Taenarus,
965 1955 1023 1983 aut
1051 1953 1216 1987 Taenaros,
1241 1953 1264 1990 i,
1287 1962 1328 1983 m.
1352 1954 1385 1984 et

246 1993 430 2030 Taenarum,
455 1994 478 2030 i,
500 2003 532 2025 11.
557 2003 644 2024 1110113
659 1994 690 2024 et
710 1994 955 2032 promontorium
977 1994 1234 2032 Peloponnesium
1260 1995 1292 2025 in
1319 1996 1384 2026 La-

245 2034 343 2065 conia.
368 2035 413 2064 Ibi
436 2035 575 2072 Neptuni
597 2036 749 2073 templum
772 2036 804 2066 et
826 2044 934 2074 specus
948 2058 955 2071 ,
993 2045 1052 2073 quo
1072 2039 1182 2074 poetae
1204 2036 1383 2067 fabulantur

244 2076 423 2107 descensum
445 2078 552 2114 patere
573 2077 612 2107 ad
634 2077 759 2107 inferos.
774 2078 948 2115 —amm‘s,
974 2077 1117 2116 Cocytus,
1135 2078 1303 2111 inferorum
1326 2079 1382 2111 flu-
