1566 2482
296 146 372 184 232
666 157 817 185 AVRELII
843 139 1045 186 Pavonum

346 265 558 304 Gaudemus
576 266 801 313 compertum
815 265 958 314 aliquid
987 265 1056 315 (1),
1071 267 1294 317 tandemque
1309 269 1424 308 retec-

1247 356 1252 357 γ
1329 323 1423 369 tum,

345 371 447 417 Quod
473 371 610 410 latuit:
641 372 758 410 tardis
786 384 927 421 semper
946 374 1174 422 processibus
1201 319 1327 414 aucta[
1346 375 1424 415 315

346 425 486 464 Crescit
512 425 591 464 vita
618 425 795 473 hominis,
826 427 863 464 et
888 426 1001 476 longo
1028 427 1176 475 proficit
1201 440 1287 468 usu.

343 478 402 517 Sic
429 478 511 517 aevi
538 479 707 518 mortalis
735 479 847 518 habet
874 491 912 518 se
940 481 1090 519 mobilis
1118 481 1233 520 ordo:

343 532 402 570 Sic
429 532 552 570 variat
579 533 714 571 natura
741 533 840 572 vices
862 534 932 581 (2);
956 534 1118 573 infantia
1145 535 1256 584 repit,

342 586 520 624 Infirmus
546 586 688 624 titubat
715 587 820 635 pueri
846 599 1068 637 gressusque
1095 589 1328 640 animusque,

343 639 532 688 Sanguine
558 640 767 688 praecalido
794 640 912 679 fervet
938 653 1094 681 nervosa
1122 642 1296 684 iuventa:
1344 645 1422 684 320

342 693 428 731 Mox
456 693 624 732 stabilita
650 694 754 732 venit
780 694 917 732 maturi
944 695 1086 734 roboris
1113 698 1232 744 aetas,

340 746 483 785 Vltima
510 747 677 785 consiliis
705 747 846 795 melior,
878 748 941 786 sed
970 749 1111 788 viribus
1140 762 1267 799 aegra,

341 800 498 849 Corpore
527 801 746 848 succumbit,
777 802 936 840 mentem
964 804 1125 852 purgata
1153 806 1336 845 senectus.

340 854 412 892 His
440 866 559 903 genus
587 855 792 893 humanum
819 867 883 903 per
911 855 1062 895 dissona
1089 858 1256 906 tempora
1283 859 1388 897 duxit

340 908 542 946 Curriculis
570 920 701 947 aevum
729 909 928 948 mutabile:
961 909 1015 948 sic
1043 911 1153 949 hebes
1180 911 1278 950 inter
1341 913 1418 951 325

338 961 546 1009 Primitias,
565 974 797 1011 mersumque
813 962 890 1001 solo
906 963 972 1011 (3),
994 975 1060 1003 ceu
1079 967 1303 1016 quadrupes,
1325 966 1416 1014 egit.

338 1015 423 1053 Mox
442 1017 610 1054 tenerum
637 1016 748 1055 docili
766 1016 932 1065 ingenio,
955 1016 1102 1067 iamque
1130 1019 1272 1058 artibus
1291 1021 1419 1067 aptum

336 1069 561 1116 Noscenffis,
592 1069 697 1107 varia
723 1081 846 1108 rerum
874 1070 1039 1110 novitate
1066 1071 1223 1119 politum
1251 1074 1321 1112 est.

337 1122 430 1160 Inde
457 1123 605 1161 tumens
632 1123 736 1162 vitiis
763 1124 904 1162 calidos
932 1124 1094 1163 adolevit
1119 1124 1160 1163 in
1188 1137 1322 1174 annos,

336 1175 463 1214 Donec
490 1177 637 1215 decocto
666 1176 843 1215 solidaret
869 1177 996 1216 robore
1024 1178 1134 1217 vires.
1339 1179 1416 1219 330

335 1229 495 1277 Tempus
522 1230 641 1276 adest,
672 1232 715 1268 ut
742 1229 817 1268 iam
845 1230 970 1278 sapiat
997 1231 1141 1278 divina,
1173 1243 1324 1272 serenae

333 1282 473 1321 Mentis
500 1283 670 1330 consilio,
700 1283 868 1322 vivacius
896 1284 1024 1322 abdita
1052 1285 1182 1323 sollers

335 1337 530 1384 Quaerere,
561 1338 598 1375 et
625 1338 794 1375 aeternae
822 1338 974 1376 tandem
1001 1338 1199 1387 invigilare
1227 1339 1355 1378 saluti.

345 1441 389 1480 (1)
415 1441 605 1472 Gaudemus
618 1445 818 1481 compertum
833 1442 976 1481 aliquid.
995 1443 1042 1473 En
1058 1443 1108 1473 hic
1122 1444 1262 1475 breviter
1275 1445 1307 1475 in
1323 1446 1413 1476 rebus

280 1483 427 1513 humanis
449 1492 628 1522 progressus
643 1485 676 1514 et
689 1493 845 1520 ascensus,
864 1485 942 1515 unde
956 1486 1039 1515 artes
1055 1486 1087 1515 et
1100 1486 1251 1516 scientiae
1266 1487 1298 1516 in
1313 1488 1414 1518 maius

278 1524 503 1563 provehuntur.
527 1525 586 1556 Sed
608 1534 703 1562 genus
726 1525 903 1556 mortalium
926 1527 1119 1564 perfectibile
1134 1528 1202 1563 θεῖς
1225 1536 1286 1558 non
1308 1530 1413 1559 autem

278 1567 500 1605 perfectionem
522 1576 591 1598 eam
614 1568 646 1597 in
667 1567 791 1598 actibus
812 1568 876 1597 suis
897 1569 1021 1605 assequi
1051 1576 1186 1605 unquam
1219 1571 1353 1608 poterit,
1378 1573 1414 1601 ut

277 1609 472 1639 somniarunt
493 1609 620 1646 quidam
634 1609 820 1648 philosoph-i.
838 1610 919 1640 Deus
934 1619 1024 1646 unus,
1042 1611 1197 1647 aeternus,
1212 1611 1412 1650 immortalis,

300 1650 433 1682 erfectus
454 1652 513 1682 est.

278 1660 296 1689 p
341 1692 387 1731 (2)
412 1692 465 1721 Sic
486 1693 598 1722 variat
618 1695 744 1722 natura
765 1693 861 1724 vires.
885 1692 1028 1723 Hominis
1049 1694 1198 1731 aetatem,
1219 1694 1363 1733 naturam
1378 1695 1410 1726 et

277 1743 377 1766 mores
398 1733 607 1764 ARISTOTELES
628 1734 705 1765 belle
727 1734 869 1772 depingit
884 1735 916 1764 in
938 1734 1134 1766 Rhetoricor.
1150 1735 1185 1766 L.
1209 1736 1254 1773 11,
1270 1745 1338 1775 cap.
1358 1737 1407 1773 12,

279 1776 330 1812 13,
354 1775 392 1806 14
414 1775 454 1805 ad
476 1783 554 1812 quae
575 1776 714 1813 respexit
735 1777 857 1808 HonA'r.
881 1776 921 1806 ad
942 1776 1006 1808 Pis.
1032 1777 1114 1807 156-
1128 1776 1200 1807 176.

339 1817 384 1855 (3)
406 1818 454 1847 sic
475 1817 563 1847 hebes
584 1817 671 1847 inter
691 1818 870 1848 Primitias
897 1827 1103 1857 mersumque
1124 1818 1209 1855 solo,
1238 1827 1295 1849 ceu
1322 1828 1410 1858 qna-

274 1858 396 1897 drupes
410 1860 485 1896 eyit.
508 1858 544 1888 In
566 1867 625 1888 uno
646 1867 685 1888 ex
707 1859 867 1890 Vaticanis
887 1859 974 1890 codd.
989 1860 1022 1890 et
1044 1861 1076 1890 in
1097 1860 1281 1898 quibusdam
1310 1861 1408 1891 Weit·

275 1901 374 1930 zianis
395 1900 471 1930 haec
495 1900 589 1930 lectio
610 1901 763 1931 occurrit:
789 1924 797 1932 .
846 1924 853 1932 .
899 1912 916 1929 «
942 1902 987 1931 sic
1010 1901 1101 1932 hebes
1124 1902 1209 1932 inter

398 1955 573 1990 Priniitias,
596 1963 790 1992 mersumque
810 1955 876 1986 80¹0
897 1956 1064 1992 titubavit,
1087 1956 1120 1986 et
1142 1956 1243 1986 instar

398 1996 614 2035 Quadrupedes
635 1998 724 2036 pueri
745 1997 900 2028 laetantia
921 1998 1041 2027 viscera
1063 1997 1178 2030 traxit.

272 2056 515 2086 Probatissimus
544 2056 674 2093 quisque
702 2065 741 2087 ex
762 2056 879 2088 nostris
900 2056 987 2087 codd.
1018 2056 1098 2086 nihil
1119 2057 1183 2087 tale
1205 2057 1342 2095 habent:
1372 2057 1405 2086 et

274 2098 424 2127 Hmnstvs
447 2097 521 2129 haec
545 2098 725 2136 resecanda,
748 2100 784 2129 ut
804 2098 970 2138 superflua,
994 2098 1094 2130 docet.

1543 2424 1566 2482 nie.-
