<?xml version="1.0" encoding="UTF-8"?>
<!DOCTYPE html PUBLIC "-//W3C//DTD XHTML 1.0 Transitional//EN"
    "http://www.w3.org/TR/xhtml1/DTD/xhtml1-transitional.dtd">
<html xmlns="http://www.w3.org/1999/xhtml" xml:lang="en" lang="en">
 <head>
  <title>
</title>
<meta http-equiv="Content-Type" content="text/html;charset=utf-8" />
  <meta name='ocr-system' content='tesseract 3.04.00' />
  <meta name='ocr-capabilities' content='ocr_page ocr_carea ocr_par ocr_line ocrx_word'/>
</head>
<body>
  <div class='ocr_page' id='page_1' title='image "./operaprud00pruduoft_0104.png"; bbox 0 0 1566 2482; ppageno 0'>
   <div class='ocr_carea' id='block_1_1' title="bbox 0 0 1566 175">
    <p class='ocr_par' dir='ltr' id='par_1_1' title="bbox 0 0 1566 175">
     <span class='ocr_line' id='line_1_1' title="bbox 0 0 1566 175; baseline 0 2307"><span class='ocrx_word' id='word_1_1' title='bbox 0 0 1566 175; x_wconf 95' lang='lat' dir='ltr'><strong> </strong></span> 
     </span>
    </p>
   </div>
   <div class='ocr_carea' id='block_1_2' title="bbox 291 176 1061 218">
    <p class='ocr_par' dir='ltr' id='par_1_2' title="bbox 291 176 1061 218">
     <span class='ocr_line' id='line_1_2' title="bbox 291 176 1061 218; baseline -0.005 -2"><span class='ocrx_word' id='word_1_2' title='bbox 291 176 368 218; x_wconf 90' lang='grc'><strong>100</strong></span> <span class='ocrx_word' id='word_1_3' title='bbox 671 186 823 214; x_wconf 72' lang='lat' dir='ltr'><strong>Avnnnn</strong></span> <span class='ocrx_word' id='word_1_4' title='bbox 858 185 1061 214; x_wconf 69' lang='lat' dir='ltr'><strong>Pavonum</strong></span> 
     </span>
    </p>
   </div>
   <div class='ocr_carea' id='block_1_3' title="bbox 590 245 1395 251">
    <p class='ocr_par' dir='ltr' id='par_1_3' title="bbox 590 245 1395 251">
     <span class='ocr_line' id='line_1_3' title="bbox 590 245 1395 251; baseline 0 0"><span class='ocrx_word' id='word_1_5' title='bbox 590 245 1395 251; x_wconf 95' lang='lat' dir='ltr'><strong> </strong></span> 
     </span>
    </p>
   </div>
   <div class='ocr_carea' id='block_1_4' title="bbox 248 292 1445 1738">
    <p class='ocr_par' dir='ltr' id='par_1_4' title="bbox 248 292 1445 1738">
     <span class='ocr_line' id='line_1_4' title="bbox 289 292 1251 346; baseline -0.004 -10"><span class='ocrx_word' id='word_1_6' title='bbox 289 297 450 346; x_wconf 85' lang='lat' dir='ltr'><strong>Ingerit,</strong></span> <span class='ocrx_word' id='word_1_7' title='bbox 481 297 519 334; x_wconf 89' lang='lat' dir='ltr'><strong>et</strong></span> <span class='ocrx_word' id='word_1_8' title='bbox 545 297 692 333; x_wconf 86' lang='lat' dir='ltr'><strong>tenuem</strong></span> <span class='ocrx_word' id='word_1_9' title='bbox 718 293 824 332; x_wconf 88' lang='lat' dir='ltr'><strong>tenui</strong></span> <span class='ocrx_word' id='word_1_10' title='bbox 851 292 939 331; x_wconf 87' lang='lat' dir='ltr'><strong>ferit</strong></span> <span class='ocrx_word' id='word_1_11' title='bbox 965 297 1047 332; x_wconf 74' lang='lat' dir='ltr'><strong>aere</strong></span> <span class='ocrx_word' id='word_1_12' title='bbox 1074 294 1251 332; x_wconf 78' lang='lat' dir='ltr'>mentem.</span> 
     </span>
     <span class='ocr_line' id='line_1_5' title="bbox 289 347 1380 400; baseline -0.003 -11"><span class='ocrx_word' id='word_1_13' title='bbox 289 350 467 390; x_wconf 84' lang='lat' dir='ltr'><strong>Parthica</strong></span> <span class='ocrx_word' id='word_1_14' title='bbox 496 348 557 400; x_wconf 89' lang='lat'><strong>(1)</strong></span> <span class='ocrx_word' id='word_1_15' title='bbox 587 359 663 387; x_wconf 90' lang='lat' dir='ltr'><strong>non</strong></span> <span class='ocrx_word' id='word_1_16' title='bbox 691 359 805 396; x_wconf 87' lang='lat' dir='ltr'><strong>aeque</strong></span> <span class='ocrx_word' id='word_1_17' title='bbox 825 347 955 385; x_wconf 88' lang='lat' dir='ltr'><strong>ventos</strong></span> <span class='ocrx_word' id='word_1_18' title='bbox 973 347 1198 386; x_wconf 74' lang='lat' dir='ltr'>transcurrit</span> <span class='ocrx_word' id='word_1_19' title='bbox 1223 347 1380 394; x_wconf 85' lang='lat' dir='ltr'><strong>arundo,</strong></span> 
     </span>
     <span class='ocr_line' id='line_1_6' title="bbox 290 400 1435 450; baseline -0.003 -6"><span class='ocrx_word' id='word_1_20' title='bbox 290 403 403 444; x_wconf 85' lang='lat' dir='ltr'><strong>Cuius</strong></span> <span class='ocrx_word' id='word_1_21' title='bbox 431 404 501 441; x_wconf 87' lang='lat' dir='ltr'><strong>iter</strong></span> <span class='ocrx_word' id='word_1_22' title='bbox 528 402 656 441; x_wconf 88' lang='lat' dir='ltr'><strong>nullus</strong></span> <span class='ocrx_word' id='word_1_23' title='bbox 682 401 781 450; x_wconf 86' lang='lat' dir='ltr'><strong>potis</strong></span> <span class='ocrx_word' id='word_1_24' title='bbox 810 401 867 439; x_wconf 86' lang='lat' dir='ltr'><strong>est</strong></span> <span class='ocrx_word' id='word_1_25' title='bbox 892 400 1151 448; x_wconf 81' lang='lat' dir='ltr'><strong>comprendere</strong></span> <span class='ocrx_word' id='word_1_26' title='bbox 1177 400 1297 448; x_wconf 87' lang='lat' dir='ltr'><strong>visus,</strong></span> <span class='ocrx_word' id='word_1_27' title='bbox 1359 402 1435 440; x_wconf 82' lang='lat'><strong>535</strong></span> 
     </span>
     <span class='ocr_line' id='line_1_7' title="bbox 290 453 1436 506; baseline -0.003 -10"><span class='ocrx_word' id='word_1_28' title='bbox 290 459 451 506; x_wconf 84' lang='lat' dir='ltr'><strong>Praepes</strong></span> <span class='ocrx_word' id='word_1_29' title='bbox 479 456 579 495; x_wconf 88' lang='lat' dir='ltr'><strong>enim</strong></span> <span class='ocrx_word' id='word_1_30' title='bbox 606 454 774 494; x_wconf 86' lang='lat' dir='ltr'><strong>volucres</strong></span> <span class='ocrx_word' id='word_1_31' title='bbox 806 454 894 492; x_wconf 90' lang='lat' dir='ltr'><strong>dum</strong></span> <span class='ocrx_word' id='word_1_32' title='bbox 926 453 1060 502; x_wconf 85' lang='lat' dir='ltr'><strong>pennis</strong></span> <span class='ocrx_word' id='word_1_33' title='bbox 1086 454 1298 493; x_wconf 85' lang='lat' dir='ltr'><strong>transvolat</strong></span> <span class='ocrx_word' id='word_1_34' title='bbox 1325 467 1436 494; x_wconf 82' lang='lat' dir='ltr'><strong>auras</strong></span> 
     </span>
     <span class='ocr_line' id='line_1_8' title="bbox 289 507 1202 559; baseline -0.005 -9"><span class='ocrx_word' id='word_1_35' title='bbox 289 510 501 559; x_wconf 85' lang='lat' dir='ltr'><strong>Improvisa</strong></span> <span class='ocrx_word' id='word_1_36' title='bbox 528 508 646 556; x_wconf 86' lang='lat' dir='ltr'><strong>venit,</strong></span> <span class='ocrx_word' id='word_1_37' title='bbox 676 519 744 547; x_wconf 91' lang='lat' dir='ltr'><strong>nec</strong></span> <span class='ocrx_word' id='word_1_38' title='bbox 773 507 908 546; x_wconf 90' lang='lat' dir='ltr'><strong>stridor</strong></span> <span class='ocrx_word' id='word_1_39' title='bbox 935 507 1088 546; x_wconf 86' lang='lat' dir='ltr'><strong>nuntiat</strong></span> <span class='ocrx_word' id='word_1_40' title='bbox 1115 508 1202 545; x_wconf 90' lang='lat' dir='ltr'><strong>ante</strong></span> 
     </span>
     <span class='ocr_line' id='line_1_9' title="bbox 290 560 1290 611; baseline -0.005 -7"><span class='ocrx_word' id='word_1_41' title='bbox 290 565 503 605; x_wconf 72' lang='lat' dir='ltr'><strong>Adventum</strong></span> <span class='ocrx_word' id='word_1_42' title='bbox 530 562 612 610; x_wconf 91' lang='lat' dir='ltr'><strong>leti,</strong></span> <span class='ocrx_word' id='word_1_43' title='bbox 644 574 755 611; x_wconf 90' lang='lat' dir='ltr'><strong>quam</strong></span> <span class='ocrx_word' id='word_1_44' title='bbox 783 560 942 610; x_wconf 72' lang='lat' dir='ltr'><strong>pectoris</strong></span> <span class='ocrx_word' id='word_1_45' title='bbox 969 561 1098 599; x_wconf 85' lang='lat' dir='ltr'><strong>abdita</strong></span> <span class='ocrx_word' id='word_1_46' title='bbox 1126 562 1290 610; x_wconf 87' lang='lat' dir='ltr'><strong>rumpat,</strong></span> 
     </span>
     <span class='ocr_line' id='line_1_10' title="bbox 289 593 1445 665; baseline -0.005 -8"><span class='ocrx_word' id='word_1_47' title='bbox 289 620 460 657; x_wconf 83' lang='lat' dir='ltr'><strong>Securam</strong></span> <span class='ocrx_word' id='word_1_48' title='bbox 489 593 691 665; x_wconf 59' lang='lat' dir='ltr'><strong>penetians</strong></span> <span class='ocrx_word' id='word_1_49' title='bbox 717 615 899 654; x_wconf 89' lang='lat' dir='ltr'><strong>medicato</strong></span> <span class='ocrx_word' id='word_1_50' title='bbox 926 614 1078 653; x_wconf 89' lang='lat' dir='ltr'><strong>vulnere</strong></span> <span class='ocrx_word' id='word_1_51' title='bbox 1106 614 1236 653; x_wconf 87' lang='lat' dir='ltr'><strong>vitam.</strong></span> <span class='ocrx_word' id='word_1_52' title='bbox 1443 659 1445 661; x_wconf 15' lang='lat' dir='ltr'><strong>q</strong></span> 
     </span>
     <span class='ocr_line' id='line_1_11' title="bbox 289 668 1436 719; baseline -0.003 -9"><span class='ocrx_word' id='word_1_53' title='bbox 289 672 359 710; x_wconf 85' lang='lat' dir='ltr'><strong>Sed</strong></span> <span class='ocrx_word' id='word_1_54' title='bbox 376 671 500 719; x_wconf 79' lang='lat' dir='ltr'><strong>magis</strong></span> <span class='ocrx_word' id='word_1_55' title='bbox 519 670 662 718; x_wconf 84' lang='lat' dir='ltr'><strong>aligera</strong></span> <span class='ocrx_word' id='word_1_56' title='bbox 680 671 752 716; x_wconf 87' lang='lat' dir='ltr'><strong>est,</strong></span> <span class='ocrx_word' id='word_1_57' title='bbox 774 668 896 716; x_wconf 87' lang='lat' dir='ltr'><strong>magis</strong></span> <span class='ocrx_word' id='word_1_58' title='bbox 914 668 952 706; x_wconf 87' lang='lat' dir='ltr'><strong>et</strong></span> <span class='ocrx_word' id='word_1_59' title='bbox 969 668 1153 706; x_wconf 86' lang='lat' dir='ltr'><strong>medicata</strong></span> <span class='ocrx_word' id='word_1_60' title='bbox 1171 668 1328 717; x_wconf 87' lang='lat' dir='ltr'><strong>sagitta,</strong></span> <span class='ocrx_word' id='word_1_61' title='bbox 1359 669 1436 707; x_wconf 88' lang='lat'><strong>540</strong></span> 
     </span>
     <span class='ocr_line' id='line_1_12' title="bbox 290 721 1291 774; baseline -0.004 -11"><span class='ocrx_word' id='word_1_62' title='bbox 290 727 407 774; x_wconf 86' lang='lat' dir='ltr'><strong>Quam</strong></span> <span class='ocrx_word' id='word_1_63' title='bbox 434 724 525 762; x_wconf 87' lang='lat' dir='ltr'><strong>iacit</strong></span> <span class='ocrx_word' id='word_1_64' title='bbox 551 723 715 762; x_wconf 88' lang='lat' dir='ltr'><strong>umbrosi</strong></span> <span class='ocrx_word' id='word_1_65' title='bbox 744 721 947 761; x_wconf 78' lang='lat' dir='ltr'><strong>dominatio</strong></span> <span class='ocrx_word' id='word_1_66' title='bbox 973 721 1118 760; x_wconf 88' lang='lat' dir='ltr'><strong>lubrica</strong></span> <span class='ocrx_word' id='word_1_67' title='bbox 1144 722 1291 770; x_wconf 89' lang='lat' dir='ltr'><strong>mundi,</strong></span> 
     </span>
     <span class='ocr_line' id='line_1_13' title="bbox 288 775 1237 824; baseline -0.003 -7"><span class='ocrx_word' id='word_1_68' title='bbox 288 779 454 818; x_wconf 82' lang='lat' dir='ltr'><strong>Eludens</strong></span> <span class='ocrx_word' id='word_1_69' title='bbox 482 789 637 816; x_wconf 80' lang='lat' dir='ltr'><strong>excussa</strong></span> <span class='ocrx_word' id='word_1_70' title='bbox 665 776 805 824; x_wconf 91' lang='lat' dir='ltr'><strong>oculos,</strong></span> <span class='ocrx_word' id='word_1_71' title='bbox 835 775 1043 824; x_wconf 78' lang='lat' dir='ltr'>calamique</span> <span class='ocrx_word' id='word_1_72' title='bbox 1072 775 1237 814; x_wconf 88' lang='lat' dir='ltr'><strong>volantis</strong></span> 
     </span>
     <span class='ocr_line' id='line_1_14' title="bbox 290 829 1259 881; baseline -0.003 -10"><span class='ocrx_word' id='word_1_73' title='bbox 290 833 468 881; x_wconf 87' lang='lat' dir='ltr'><strong>Praepete</strong></span> <span class='ocrx_word' id='word_1_74' title='bbox 495 833 714 869; x_wconf 89' lang='lat' dir='ltr'><strong>transcursu</strong></span> <span class='ocrx_word' id='word_1_75' title='bbox 741 829 862 868; x_wconf 87' lang='lat' dir='ltr'><strong>cordis</strong></span> <span class='ocrx_word' id='word_1_76' title='bbox 889 829 1096 877; x_wconf 82' lang='lat' dir='ltr'><strong>penetralia</strong></span> <span class='ocrx_word' id='word_1_77' title='bbox 1123 829 1259 878; x_wconf 87' lang='lat' dir='ltr'><strong>figens.</strong></span> 
     </span>
     <span class='ocr_line' id='line_1_15' title="bbox 289 882 1380 934; baseline -0.004 -10"><span class='ocrx_word' id='word_1_78' title='bbox 289 887 370 924; x_wconf 87' lang='lat' dir='ltr'><strong>Nec</strong></span> <span class='ocrx_word' id='word_1_79' title='bbox 398 884 525 934; x_wconf 86' lang='lat' dir='ltr'><strong>segnis</strong></span> <span class='ocrx_word' id='word_1_80' title='bbox 553 885 690 922; x_wconf 88' lang='lat' dir='ltr'><strong>natura</strong></span> <span class='ocrx_word' id='word_1_81' title='bbox 717 883 863 921; x_wconf 88' lang='lat' dir='ltr'><strong>animae</strong></span> <span class='ocrx_word' id='word_1_82' title='bbox 892 883 963 930; x_wconf 91' lang='lat' dir='ltr'><strong>est,</strong></span> <span class='ocrx_word' id='word_1_83' title='bbox 994 884 1060 921; x_wconf 89' lang='lat' dir='ltr'><strong>aut</strong></span> <span class='ocrx_word' id='word_1_84' title='bbox 1085 882 1196 921; x_wconf 88' lang='lat' dir='ltr'><strong>tarda</strong></span> <span class='ocrx_word' id='word_1_85' title='bbox 1222 882 1380 922; x_wconf 86' lang='lat' dir='ltr'><strong>cavendi</strong></span> 
     </span>
     <span class='ocr_line' id='line_1_16' title="bbox 290 935 1434 987; baseline -0.004 -8"><span class='ocrx_word' id='word_1_86' title='bbox 290 939 490 979; x_wconf 80' lang='lat' dir='ltr'>Vulneris:</span> <span class='ocrx_word' id='word_1_87' title='bbox 530 937 695 987; x_wconf 86' lang='lat' dir='ltr'><strong>ignitum</strong></span> <span class='ocrx_word' id='word_1_88' title='bbox 741 936 918 986; x_wconf 83' lang='lat' dir='ltr'><strong>quoniam</strong></span> <span class='ocrx_word' id='word_1_89' title='bbox 959 937 1060 975; x_wconf 91' lang='lat' dir='ltr'><strong>Deus</strong></span> <span class='ocrx_word' id='word_1_90' title='bbox 1106 935 1245 975; x_wconf 88' lang='lat' dir='ltr'><strong>indidit</strong></span> <span class='ocrx_word' id='word_1_91' title='bbox 1275 936 1341 975; x_wconf 92' lang='lat' dir='ltr'><strong>olli</strong></span> <span class='ocrx_word' id='word_1_92' title='bbox 1374 935 1434 985; x_wconf 86' lang='lat'><strong>(2)</strong></span> 
     </span>
     <span class='ocr_line' id='line_1_17' title="bbox 289 988 1355 1095; baseline -0.004 -10"><span class='ocrx_word' id='word_1_93' title='bbox 289 1046 491 1095; x_wconf 83' lang='lat' dir='ltr'><strong>Ingenium</strong></span> <span class='ocrx_word' id='word_1_94' title='bbox 519 1057 666 1094; x_wconf 90' lang='lat' dir='ltr'><strong>purum,</strong></span> <span class='ocrx_word' id='word_1_95' title='bbox 698 1044 862 1092; x_wconf 74' lang='lat' dir='ltr'><strong>sapiens,</strong></span> <span class='ocrx_word' id='word_1_96' title='bbox 894 1042 1044 1090; x_wconf 83' lang='lat' dir='ltr'><strong>subtile,</strong></span> <span class='ocrx_word' id='word_1_97' title='bbox 1075 1055 1258 1090; x_wconf 85' lang='lat' dir='ltr'><strong>serenum,</strong></span> <span class='ocrx_word' id='word_1_98' title='bbox 1341 988 1355 1041; x_wconf 82' lang='lat'>[</span> 
     </span>
     <span class='ocr_line' id='line_1_18' title="bbox 290 1097 1361 1147; baseline -0.005 -8"><span class='ocrx_word' id='word_1_99' title='bbox 290 1100 441 1147; x_wconf 86' lang='lat' dir='ltr'><strong>Mobile,</strong></span> <span class='ocrx_word' id='word_1_100' title='bbox 472 1099 688 1145; x_wconf 88' lang='lat' dir='ltr'><strong>sollicitum,</strong></span> <span class='ocrx_word' id='word_1_101' title='bbox 719 1098 839 1144; x_wconf 74' lang='lat' dir='ltr'><strong>veIOX,</strong></span> <span class='ocrx_word' id='word_1_102' title='bbox 870 1097 1049 1145; x_wconf 83' lang='lat' dir='ltr'><strong>agitabile</strong></span> <span class='ocrx_word' id='word_1_103' title='bbox 1079 1097 1156 1146; x_wconf 88' lang='lat'>(3),</span> <span class='ocrx_word' id='word_1_104' title='bbox 1188 1097 1361 1135; x_wconf 84' lang='lat' dir='ltr'><strong>acutum:</strong></span> 
     </span>
     <span class='ocr_line' id='line_1_19' title="bbox 290 1150 1288 1198; baseline -0.003 -6"><span class='ocrx_word' id='word_1_105' title='bbox 290 1154 481 1193; x_wconf 84' lang='lat' dir='ltr'><strong>Factorem</strong></span> <span class='ocrx_word' id='word_1_106' title='bbox 508 1153 615 1192; x_wconf 87' lang='lat' dir='ltr'><strong>modo</strong></span> <span class='ocrx_word' id='word_1_107' title='bbox 643 1153 748 1190; x_wconf 87' lang='lat' dir='ltr'><strong>casta</strong></span> <span class='ocrx_word' id='word_1_108' title='bbox 775 1162 884 1190; x_wconf 89' lang='lat' dir='ltr'><strong>suum</strong></span> <span class='ocrx_word' id='word_1_109' title='bbox 912 1152 1120 1198; x_wconf 87' lang='lat' dir='ltr'><strong>veneretur,</strong></span> <span class='ocrx_word' id='word_1_110' title='bbox 1151 1150 1190 1188; x_wconf 86' lang='lat' dir='ltr'><strong>et</strong></span> <span class='ocrx_word' id='word_1_111' title='bbox 1214 1150 1288 1198; x_wconf 88' lang='lat' dir='ltr'><strong>ipsi</strong></span> 
     </span>
     <span class='ocr_line' id='line_1_20' title="bbox 291 1203 1282 1254; baseline -0.003 -9"><span class='ocrx_word' id='word_1_112' title='bbox 291 1206 445 1254; x_wconf 87' lang='lat' dir='ltr'><strong>Militet,</strong></span> <span class='ocrx_word' id='word_1_113' title='bbox 477 1219 521 1246; x_wconf 89' lang='lat' dir='ltr'><strong>ac</strong></span> <span class='ocrx_word' id='word_1_114' title='bbox 547 1206 686 1245; x_wconf 86' lang='lat' dir='ltr'><strong>victum</strong></span> <span class='ocrx_word' id='word_1_115' title='bbox 713 1203 901 1254; x_wconf 83' lang='lat' dir='ltr'><strong>proculcet</strong></span> <span class='ocrx_word' id='word_1_116' title='bbox 928 1204 1051 1243; x_wconf 88' lang='lat' dir='ltr'><strong>sobria</strong></span> <span class='ocrx_word' id='word_1_117' title='bbox 1079 1204 1282 1242; x_wconf 86' lang='lat' dir='ltr'><strong>mundum:</strong></span> 
     </span>
     <span class='ocr_line' id='line_1_21' title="bbox 292 1257 1434 1308; baseline -0.004 -9"><span class='ocrx_word' id='word_1_118' title='bbox 292 1261 358 1300; x_wconf 89' lang='lat' dir='ltr'><strong>Nil</strong></span> <span class='ocrx_word' id='word_1_119' title='bbox 387 1260 431 1299; x_wconf 89' lang='lat' dir='ltr'><strong>de</strong></span> <span class='ocrx_word' id='word_1_120' title='bbox 458 1259 645 1308; x_wconf 83' lang='lat' dir='ltr'><strong>pestiferis</strong></span> <span class='ocrx_word' id='word_1_121' title='bbox 672 1259 820 1307; x_wconf 89' lang='lat' dir='ltr'><strong>opibus,</strong></span> <span class='ocrx_word' id='word_1_122' title='bbox 850 1257 917 1299; x_wconf 87' lang='lat' dir='ltr'><strong>aut</strong></span> <span class='ocrx_word' id='word_1_123' title='bbox 943 1257 1156 1297; x_wconf 87' lang='lat' dir='ltr'><strong>falsificatis</strong></span> <span class='ocrx_word' id='word_1_124' title='bbox 1358 1257 1434 1295; x_wconf 87' lang='lat'><strong>550</strong></span> 
     </span>
     <span class='ocr_line' id='line_1_22' title="bbox 290 1311 1224 1362; baseline -0.005 -9"><span class='ocrx_word' id='word_1_125' title='bbox 290 1315 486 1353; x_wconf 87' lang='lat' dir='ltr'><strong>Terrarum</strong></span> <span class='ocrx_word' id='word_1_126' title='bbox 513 1313 648 1362; x_wconf 87' lang='lat' dir='ltr'><strong>spoliis.</strong></span> <span class='ocrx_word' id='word_1_127' title='bbox 671 1312 786 1351; x_wconf 90' lang='lat' dir='ltr'><strong>stulto</strong></span> <span class='ocrx_word' id='word_1_128' title='bbox 814 1311 1058 1351; x_wconf 86' lang='lat' dir='ltr'><strong>oblectamine</strong></span> <span class='ocrx_word' id='word_1_129' title='bbox 1084 1312 1224 1358; x_wconf 89' lang='lat' dir='ltr'><strong>libans,</strong></span> 
     </span>
     <span class='ocr_line' id='line_1_23' title="bbox 291 1365 1276 1413; baseline -0.004 -7"><span class='ocrx_word' id='word_1_130' title='bbox 291 1369 370 1407; x_wconf 85' lang='lat' dir='ltr'><strong>Nec</strong></span> <span class='ocrx_word' id='word_1_131' title='bbox 399 1369 468 1406; x_wconf 88' lang='lat' dir='ltr'><strong>sub</strong></span> <span class='ocrx_word' id='word_1_132' title='bbox 495 1367 596 1406; x_wconf 86' lang='lat' dir='ltr'><strong>fasce</strong></span> <span class='ocrx_word' id='word_1_133' title='bbox 621 1366 763 1413; x_wconf 89' lang='lat' dir='ltr'><strong>iacens,</strong></span> <span class='ocrx_word' id='word_1_134' title='bbox 794 1366 916 1404; x_wconf 88' lang='lat' dir='ltr'><strong>alieno</strong></span> <span class='ocrx_word' id='word_1_135' title='bbox 944 1367 981 1405; x_wconf 89' lang='lat' dir='ltr'><strong>et</strong></span> <span class='ocrx_word' id='word_1_136' title='bbox 1008 1365 1133 1403; x_wconf 83' lang='lat' dir='ltr'><strong>dedita</strong></span> <span class='ocrx_word' id='word_1_137' title='bbox 1158 1375 1276 1413; x_wconf 86' lang='lat' dir='ltr'><strong>regno</strong></span> 
     </span>
     <span class='ocr_line' id='line_1_24' title="bbox 290 1418 1197 1470; baseline -0.004 -10"><span class='ocrx_word' id='word_1_138' title='bbox 290 1422 378 1460; x_wconf 85' lang='lat' dir='ltr'><strong>Non</strong></span> <span class='ocrx_word' id='word_1_139' title='bbox 405 1422 518 1470; x_wconf 85' lang='lat' dir='ltr'><strong>queat</strong></span> <span class='ocrx_word' id='word_1_140' title='bbox 544 1422 700 1470; x_wconf 85' lang='lat' dir='ltr'><strong>argutas</strong></span> <span class='ocrx_word' id='word_1_141' title='bbox 726 1419 847 1458; x_wconf 89' lang='lat' dir='ltr'><strong>hostis</strong></span> <span class='ocrx_word' id='word_1_142' title='bbox 874 1419 995 1457; x_wconf 87' lang='lat' dir='ltr'><strong>vitare</strong></span> <span class='ocrx_word' id='word_1_143' title='bbox 1022 1418 1197 1467; x_wconf 78' lang='lat' dir='ltr'><strong>sagittas.</strong></span> 
     </span>
     <span class='ocr_line' id='line_1_25' title="bbox 291 1471 1436 1524; baseline -0.003 -11"><span class='ocrx_word' id='word_1_144' title='bbox 291 1476 361 1514; x_wconf 84' lang='lat' dir='ltr'><strong>Sed</strong></span> <span class='ocrx_word' id='word_1_145' title='bbox 390 1475 480 1524; x_wconf 88' lang='lat' dir='ltr'><strong>quid</strong></span> <span class='ocrx_word' id='word_1_146' title='bbox 517 1486 586 1524; x_wconf 85' lang='lat' dir='ltr'><strong>ego</strong></span> <span class='ocrx_word' id='word_1_147' title='bbox 623 1485 730 1513; x_wconf 91' lang='lat' dir='ltr'><strong>omne</strong></span> <span class='ocrx_word' id='word_1_148' title='bbox 767 1473 906 1512; x_wconf 90' lang='lat' dir='ltr'><strong>malum</strong></span> <span class='ocrx_word' id='word_1_149' title='bbox 944 1472 1145 1520; x_wconf 88' lang='lat' dir='ltr'><strong>mundique</strong></span> <span class='ocrx_word' id='word_1_150' title='bbox 1173 1471 1436 1520; x_wconf 85' lang='lat' dir='ltr'><strong>hominumque</strong></span> 
     </span>
     <span class='ocr_line' id='line_1_26' title="bbox 1259 1523 1435 1576; baseline -0.006 -13"><span class='ocrx_word' id='word_1_151' title='bbox 1259 1523 1435 1576; x_wconf 84' lang='lat' dir='ltr'><strong>[maligni</strong></span> 
     </span>
     <span class='ocr_line' id='line_1_27' title="bbox 292 1578 1434 1629; baseline -0.005 -7"><span class='ocrx_word' id='word_1_152' title='bbox 292 1583 423 1622; x_wconf 89' lang='lat' dir='ltr'><strong>Hostis</strong></span> <span class='ocrx_word' id='word_1_153' title='bbox 441 1583 490 1620; x_wconf 91' lang='lat' dir='ltr'><strong>ad</strong></span> <span class='ocrx_word' id='word_1_154' title='bbox 508 1580 688 1620; x_wconf 88' lang='lat' dir='ltr'><strong>invidiam</strong></span> <span class='ocrx_word' id='word_1_155' title='bbox 709 1581 931 1629; x_wconf 79' lang='lat' dir='ltr'><strong>detorqueo?</strong></span> <span class='ocrx_word' id='word_1_156' title='bbox 951 1591 1063 1628; x_wconf 90' lang='lat' dir='ltr'><strong>quum</strong></span> <span class='ocrx_word' id='word_1_157' title='bbox 1082 1579 1183 1617; x_wconf 88' lang='lat' dir='ltr'><strong>mala</strong></span> <span class='ocrx_word' id='word_1_158' title='bbox 1201 1580 1331 1617; x_wconf 87' lang='lat' dir='ltr'><strong>nostra</strong></span> <span class='ocrx_word' id='word_1_159' title='bbox 1359 1578 1434 1616; x_wconf 88' lang='lat'><strong>555</strong></span> 
     </span>
     <span class='ocr_line' id='line_1_28' title="bbox 291 1631 1434 1682; baseline -0.005 -7"><span class='ocrx_word' id='word_1_160' title='bbox 291 1638 347 1675; x_wconf 81' lang='lat' dir='ltr'><strong>Ex</strong></span> <span class='ocrx_word' id='word_1_161' title='bbox 377 1636 514 1675; x_wconf 90' lang='lat' dir='ltr'><strong>nostris</strong></span> <span class='ocrx_word' id='word_1_162' title='bbox 543 1637 713 1674; x_wconf 85' lang='lat' dir='ltr'><strong>concreta</strong></span> <span class='ocrx_word' id='word_1_163' title='bbox 740 1634 877 1672; x_wconf 89' lang='lat' dir='ltr'><strong>animis</strong></span> <span class='ocrx_word' id='word_1_164' title='bbox 906 1645 1039 1682; x_wconf 84' lang='lat' dir='ltr'><strong>genus,</strong></span> <span class='ocrx_word' id='word_1_165' title='bbox 1070 1634 1107 1671; x_wconf 86' lang='lat' dir='ltr'><strong>et</strong></span> <span class='ocrx_word' id='word_1_166' title='bbox 1135 1633 1258 1680; x_wconf 85' lang='lat' dir='ltr'><strong>caput,</strong></span> <span class='ocrx_word' id='word_1_167' title='bbox 1279 1633 1317 1670; x_wconf 90' lang='lat' dir='ltr'><strong>et</strong></span> <span class='ocrx_word' id='word_1_168' title='bbox 1342 1631 1434 1679; x_wconf 90' lang='lat' dir='ltr'><strong>vim,</strong></span> 
     </span>
     <span class='ocr_line' id='line_1_29' title="bbox 248 1685 1383 1738; baseline -0.006 -9"><span class='ocrx_word' id='word_1_169' title='bbox 248 1734 250 1738; x_wconf 84' lang='lat'><em>.</em></span> <span class='ocrx_word' id='word_1_170' title='bbox 293 1690 389 1737; x_wconf 78' lang='lat' dir='ltr'><strong>Quid</strong></span> <span class='ocrx_word' id='word_1_171' title='bbox 403 1690 494 1738; x_wconf 89' lang='lat' dir='ltr'><strong>sint,</strong></span> <span class='ocrx_word' id='word_1_172' title='bbox 516 1690 605 1738; x_wconf 89' lang='lat' dir='ltr'><strong>quid</strong></span> <span class='ocrx_word' id='word_1_173' title='bbox 622 1689 787 1736; x_wconf 86' lang='lat' dir='ltr'><strong>valeant,</strong></span> <span class='ocrx_word' id='word_1_174' title='bbox 798 1689 949 1727; x_wconf 88' lang='lat' dir='ltr'><strong>sumant</strong></span> <span class='ocrx_word' id='word_1_175' title='bbox 963 1688 1006 1725; x_wconf 89' lang='lat' dir='ltr'><strong>de</strong></span> <span class='ocrx_word' id='word_1_176' title='bbox 1021 1687 1127 1725; x_wconf 88' lang='lat' dir='ltr'><strong>corde</strong></span> <span class='ocrx_word' id='word_1_177' title='bbox 1141 1685 1289 1734; x_wconf 87' lang='lat' dir='ltr'><strong>parenti</strong></span> <span class='ocrx_word' id='word_1_178' title='bbox 1304 1685 1383 1734; x_wconf 77' lang='lat'>(4)?</span> 
     </span>
    </p>
   </div>
   <div class='ocr_carea' id='block_1_5' title="bbox 294 1821 1436 2135">
    <p class='ocr_par' dir='ltr' id='par_1_5' title="bbox 295 1821 1436 1940">
     <span class='ocr_line' id='line_1_30' title="bbox 357 1821 1435 1865; baseline -0.005 -9"><span class='ocrx_word' id='word_1_179' title='bbox 357 1826 401 1865; x_wconf 89' lang='lat'><strong>(1)</strong></span> <span class='ocrx_word' id='word_1_180' title='bbox 423 1826 608 1858; x_wconf 78' lang='lat' dir='ltr'><strong>Parthica..</strong></span> <span class='ocrx_word' id='word_1_181' title='bbox 658 1824 800 1855; x_wconf 77' lang='lat' dir='ltr'><strong>arundo.</strong></span> <span class='ocrx_word' id='word_1_182' title='bbox 814 1824 945 1854; x_wconf 74' lang='lat' dir='ltr'><strong>Parthos</strong></span> <span class='ocrx_word' id='word_1_183' title='bbox 961 1823 1089 1860; x_wconf 80' lang='lat' dir='ltr'><strong>sagittis</strong></span> <span class='ocrx_word' id='word_1_184' title='bbox 1103 1822 1284 1853; x_wconf 83' lang='lat' dir='ltr'><strong>metuendos</strong></span> <span class='ocrx_word' id='word_1_185' title='bbox 1296 1821 1435 1852; x_wconf 78' lang='lat' dir='ltr'><strong>veterum</strong></span> 
     </span>
     <span class='ocr_line' id='line_1_31' title="bbox 295 1862 1436 1907; baseline -0.004 -10"><span class='ocrx_word' id='word_1_186' title='bbox 295 1868 426 1898; x_wconf 77' lang='lat' dir='ltr'><strong>historia</strong></span> <span class='ocrx_word' id='word_1_187' title='bbox 446 1870 480 1898; x_wconf 84' lang='lat' dir='ltr'><strong>et</strong></span> <span class='ocrx_word' id='word_1_188' title='bbox 499 1869 610 1907; x_wconf 65' lang='lat' dir='ltr'><strong>poetae</strong></span> <span class='ocrx_word' id='word_1_189' title='bbox 632 1867 719 1897; x_wconf 80' lang='lat' dir='ltr'><strong>nobis</strong></span> <span class='ocrx_word' id='word_1_190' title='bbox 741 1867 891 1900; x_wconf 75' lang='lat' dir='ltr'><strong>offerunt:</strong></span> <span class='ocrx_word' id='word_1_191' title='bbox 916 1866 967 1903; x_wconf 87' lang='lat' dir='ltr'><strong>qui</strong></span> <span class='ocrx_word' id='word_1_192' title='bbox 994 1865 1105 1895; x_wconf 80' lang='lat' dir='ltr'><strong>iaculis</strong></span> <span class='ocrx_word' id='word_1_193' title='bbox 1131 1872 1246 1894; x_wconf 79' lang='lat' dir='ltr'><strong>veneno</strong></span> <span class='ocrx_word' id='word_1_194' title='bbox 1270 1862 1436 1894; x_wconf 77' lang='lat' dir='ltr'><strong>medicatis</strong></span> 
     </span>
     <span class='ocr_line' id='line_1_32' title="bbox 295 1907 1045 1947; baseline -0.003 -8"><span class='ocrx_word' id='word_1_195' title='bbox 295 1910 436 1940; x_wconf 82' lang='lat' dir='ltr'><strong>hostibus</strong></span> <span class='ocrx_word' id='word_1_196' title='bbox 460 1910 631 1947; x_wconf 80' lang='lat' dir='ltr'><strong>fugitantes</strong></span> <span class='ocrx_word' id='word_1_197' title='bbox 652 1908 827 1939; x_wconf 82' lang='lat' dir='ltr'><strong>molestiam</strong></span> <span class='ocrx_word' id='word_1_198' title='bbox 850 1907 1045 1939; x_wconf 82' lang='lat' dir='ltr'><strong>exhiberent.</strong></span> 
     </span>
    </p>

    <p class='ocr_par' dir='ltr' id='par_1_6' title="bbox 358 1949 1069 1997">
     <span class='ocr_line' id='line_1_33' title="bbox 358 1949 1069 1997; baseline -0.003 -17"><span class='ocrx_word' id='word_1_199' title='bbox 358 1952 403 1989; x_wconf 76' lang='lat'><strong>(2)</strong></span> <span class='ocrx_word' id='word_1_200' title='bbox 445 1951 516 1981; x_wconf 75' lang='lat' dir='ltr'><strong>olli,</strong></span> <span class='ocrx_word' id='word_1_201' title='bbox 561 1949 752 1997; x_wconf 72' lang='grc' dir='ltr'>ἀρχαϊκῶς.</span> <span class='ocrx_word' id='word_1_202' title='bbox 779 1950 815 1980; x_wconf 89' lang='lat' dir='ltr'><strong>V.</strong></span> <span class='ocrx_word' id='word_1_203' title='bbox 838 1951 872 1980; x_wconf 76' lang='lat' dir='ltr'><strong>et</strong></span> <span class='ocrx_word' id='word_1_204' title='bbox 894 1949 971 1985; x_wconf 71' lang='lat'><strong>1393</strong></span> <span class='ocrx_word' id='word_1_205' title='bbox 997 1949 1069 1979; x_wconf 85' lang='lat'><strong>731.</strong></span> 
     </span>
    </p>

    <p class='ocr_par' dir='ltr' id='par_1_7' title="bbox 294 1993 1436 2070">
     <span class='ocr_line' id='line_1_34' title="bbox 356 1993 1436 2038; baseline -0.005 -9"><span class='ocrx_word' id='word_1_206' title='bbox 356 1999 402 2038; x_wconf 83' lang='lat'><strong>(3)</strong></span> <span class='ocrx_word' id='word_1_207' title='bbox 428 1999 555 2029; x_wconf 80' lang='lat' dir='ltr'><strong>Mobile.</strong></span> <span class='ocrx_word' id='word_1_208' title='bbox 563 2022 582 2030; x_wconf 88' lang='lat'><strong>..</strong></span> <span class='ocrx_word' id='word_1_209' title='bbox 606 1998 772 2038; x_wconf 72' lang='lat' dir='ltr'><strong>ayitabile.</strong></span> <span class='ocrx_word' id='word_1_210' title='bbox 805 2014 843 2019; x_wconf 93' lang='lat'><strong>—-</strong></span> <span class='ocrx_word' id='word_1_211' title='bbox 867 1997 980 2027; x_wconf 75' lang='lat' dir='ltr'><strong>Hams.</strong></span> <span class='ocrx_word' id='word_1_212' title='bbox 1013 1995 1140 2026; x_wconf 81' lang='lat' dir='ltr'><strong>Rectius</strong></span> <span class='ocrx_word' id='word_1_213' title='bbox 1176 1994 1308 2025; x_wconf 70' lang='lat' dir='ltr'><strong>sortasse</strong></span> <span class='ocrx_word' id='word_1_214' title='bbox 1330 1993 1436 2024; x_wconf 69' lang='lat' dir='ltr'><strong>nobile</strong></span> 
     </span>
     <span class='ocr_line' id='line_1_35' title="bbox 294 2040 397 2070; baseline 0 0"><span class='ocrx_word' id='word_1_215' title='bbox 294 2040 397 2070; x_wconf 70' lang='lat' dir='ltr'><strong>Gissx„</strong></span> 
     </span>
    </p>

    <p class='ocr_par' dir='ltr' id='par_1_8' title="bbox 359 2076 1435 2135">
     <span class='ocr_line' id='line_1_36' title="bbox 359 2076 1435 2135; baseline -0.005 -23"><span class='ocrx_word' id='word_1_216' title='bbox 359 2081 404 2119; x_wconf 84' lang='grc'><strong>(4)</strong></span> <span class='ocrx_word' id='word_1_217' title='bbox 428 2082 466 2111; x_wconf 78' lang='lat' dir='ltr'><strong>de</strong></span> <span class='ocrx_word' id='word_1_218' title='bbox 502 2083 595 2112; x_wconf 74' lang='lat' dir='ltr'><strong>corde</strong></span> <span class='ocrx_word' id='word_1_219' title='bbox 612 2082 758 2120; x_wconf 74' lang='lat' dir='ltr'><strong>parenti.</strong></span> <span class='ocrx_word' id='word_1_220' title='bbox 779 2081 908 2112; x_wconf 75' lang='lat' dir='ltr'><strong>Carnam</strong></span> <span class='ocrx_word' id='word_1_221' title='bbox 926 2080 1070 2118; x_wconf 65' lang='lat' dir='ltr'><strong>pauenti?</strong></span> <span class='ocrx_word' id='word_1_222' title='bbox 1092 2079 1180 2117; x_wconf 80' lang='lat' dir='ltr'><strong>Quia:</strong></span> <span class='ocrx_word' id='word_1_223' title='bbox 1198 2076 1264 2111; x_wconf 72' lang='grc' dir='ltr'><strong>Ἐκ</strong></span> <span class='ocrx_word' id='word_1_224' title='bbox 1267 2080 1341 2135; x_wconf 74' lang='grc' dir='ltr'><strong>τῆς</strong></span> <span class='ocrx_word' id='word_1_225' title='bbox 1351 2087 1435 2122; x_wconf 64' lang='lat' dir='ltr'><strong>amp·</strong></span> 
     </span>
    </p>
   </div>
   <div class='ocr_carea' id='block_1_6' title="bbox 296 2123 1434 2177">
    <p class='ocr_par' dir='ltr' id='par_1_9' title="bbox 296 2123 1434 2177">
     <span class='ocr_line' id='line_1_37' title="bbox 296 2123 1434 2177; baseline -0.004 -15"><span class='ocrx_word' id='word_1_226' title='bbox 296 2139 327 2162; x_wconf 79' lang='lat'><strong>0&#39;.</strong></span> <span class='ocrx_word' id='word_1_227' title='bbox 330 2139 371 2167; x_wconf 68' lang='grc' dir='ltr'><strong>αξ</strong></span> <span class='ocrx_word' id='word_1_228' title='bbox 397 2126 590 2174; x_wconf 66' lang='grc' dir='ltr'>Εξὲοχονταί</span> <span class='ocrx_word' id='word_1_229' title='bbox 616 2141 645 2164; x_wconf 67' lang='grc' dir='ltr'><strong>ΟΞ,</strong></span> <span class='ocrx_word' id='word_1_230' title='bbox 648 2127 828 2176; x_wconf 63' lang='grc' dir='ltr'><strong>αλογῑῦμοὶ</strong></span> <span class='ocrx_word' id='word_1_231' title='bbox 854 2126 1006 2177; x_wconf 59' lang='grc' dir='ltr'>πονηροί,</span> <span class='ocrx_word' id='word_1_232' title='bbox 1037 2138 1143 2174; x_wconf 60' lang='grc' dir='ltr'>φΟἫΟ,</span> <span class='ocrx_word' id='word_1_233' title='bbox 1167 2123 1328 2174; x_wconf 64' lang='grc' dir='ltr'>μοιχεῖαι,</span> <span class='ocrx_word' id='word_1_234' title='bbox 1354 2135 1434 2172; x_wconf 73' lang='grc' dir='ltr'>πορ-</span> 
     </span>
    </p>
   </div>
  </div>
 </body>
</html>
