1566 2482
0 2216 37 2482 fflissffz-r'*
7 2135 20 2205 220*-
7 2061 22 2123 *κ-
8 2023 14 2041 -v
0 1885 14 2003 “·⁰‘·⁴‘·³·⁷
0 1834 18 1870 ΡΠ
0 1804 18 1821 -⁷
8 1779 13 1790 -·

355 194 357 196 -
401 181 547 215 con-,rm
572 167 768 215 srnmm
794 167 1008 215 oni-noum
1196 176 1283 216 227·

187 297 276 345 Ipse
292 296 528 344 incorporeus
548 295 617 344 (1),
638 307 683 334 ac
701 295 902 344 spirituum
921 297 1024 335 sator
1034 294 1154 340 unus.
1197 296 1274 335 190

188 351 287 397 Quin
312 350 351 389 et
376 349 590 398 corporibus
615 349 748 398 parilis
773 350 960 389 consortia
976 361 1117 399 poenae

186 405 408 451 Decernam,
437 403 590 451 possum
617 403 795 452 quoniam
820 407 999 443 renovare
1017 404 1169 443 favillas

188 457 397 507 Antiquam
424 457 464 495 in
492 457 639 495 faciem.
670 458 751 496 Nec
779 457 1010 506 desperanda
1041 459 1232 507 potestas:

188 512 258 558 Qui
285 511 390 560 pomi
416 509 574 550 formare
602 522 755 559 novum,
784 512 966 560 reparabo
983 513 1203 560 peremtum.

190 566 278 604 Non
306 565 443 604 desunt
467 566 638 614 exempla
663 577 766 604 meae
794 566 945 604 virtutis
972 565 1014 604 in
1041 565 1135 614 ipsis
1201 565 1274 603 195

187 619 398 658 Seminibus
426 620 494 667 (2).
515 619 664 658 Natura
691 620 798 658 docet
823 619 1042 658 revirescere
1070 620 1205 658 cuncta

188 674 281 712 Post
306 673 461 711 obitum:
492 673 681 712 siccantur
708 673 807 712 enim
826 674 1010 722 ,pereunte
1043 673 1170 722 vigore

187 728 268 774 Quo
289 726 418 765 vixere
445 727 563 775 prius3
593 728 685 766 tunc
713 727 813 766 sicca
839 728 877 766 et
902 728 1050 765 mortua
1076 727 1192 766 sulcis

187 781 267 819 Aut
291 780 411 819 foveis
437 781 617 819 mandata
642 780 778 828 latent,
810 783 847 820 et
873 791 973 819 more
1001 781 1163 828 sepulcri

189 834 348 880 Obruta,
378 834 423 872 de
449 834 606 872 tumulis
632 835 798 873 redivivo
816 834 982 883 germine
1002 835 1177 883 surgunt.
1196 835 1274 871 200

188 887 380 935 Numquid
407 899 517 926 nosse
544 889 664 936 potes,
694 888 754 926 vel
780 888 1003 934 coniectare,
1033 887 1118 936 quis
1145 887 1247 926 istud
1260 890 1277 924 ¹?

189 941 282 979 Tam
296 941 427 980 sollers
441 941 564 989 opifex
578 942 724 980 struat?
738 943 804 980 aut
817 953 911 991 quae
924 942 984 980 vis
997 942 1089 990 agat
1099 941 1206 979 >intus
1216 943 1234 978 ⁴?

188 994 254 1033 Nil
273 1005 354 1042 vos,
375 1005 396 1033 o
424 995 550 1034 miseri
573 995 624 1044 (3)
641 1009 649 1041 3
671 995 908 1044 physicorum
926 995 1104 1044 dogmata
1120 994 1272 1032 fallant.

187 1049 262 1095 Eu,
283 1059 352 1097 ego
379 1048 562 1098 gignendi
588 1049 770 1088 Dominus
800 1050 868 1098 (4),
889 1061 933 1088 ac
958 1048 1195 1095 restituendi,

188 1101 294 1148 Quod
319 1102 430 1150 periit
455 1102 648 1151 fluxitque,
665 1104 821 1151 potens:
843 1103 987 1142 arentia
1006 1114 1172 1152 quaeque
1201 1102 1277 1140 205

187 1157 239 1194 In
265 1157 407 1195 veteres
434 1156 572 1195 formas
599 1158 666 1195 aut
693 1156 797 1204 flore,
823 1158 890 1195 aut
916 1157 1046 1196 fronde
1073 1157 1221 1195 reduco.

187 1210 307 1258 quue
333 1209 455 1258 ipsum
482 1210 703 1259 quandoque
730 1210 873 1249 homini
890 1210 1072 1257 facturus,
1102 1210 1209 1248 inani

189 1264 328 1312 surgat
354 1265 396 1302 ut
422 1276 467 1302 ex
484 1264 621 1311 cinere,
643 1265 902 1313 structuraque
929 1264 1092 1313 pristina
1115 1266 1275 1310 constet,

190 1319 290 1365 Quae
316 1317 410 1356 mihi
435 1329 502 1366 pro
528 1318 688 1365 meritis,
709 1318 768 1357 vel
795 1330 860 1366 per
885 1319 1072 1356 tormenta
1098 1319 1280 1366 rependat

191 1371 372 1418 Crimina,
393 1371 452 1410 vel
471 1383 636 1410 summae
663 1371 814 1410 virtutis
832 1372 872 1410 in
890 1383 974 1411 arce
993 1374 1185 1419 coruscet„
1197 1372 1275 1410 210

191 1426 278 1463 Non
305 1425 471 1473 peritura
488 1425 622 1464 dehinc
641 1437 872 1474 quacumque
900 1425 942 1464 in
970 1427 1067 1465 sorte
1094 1426 1274 1464 manebit.

190 1479 355 1525 Interea,
386 1478 475 1516 dum
501 1479 619 1517 mixta
645 1478 750 1527 viget
776 1479 990 1518 substantia
1016 1480 1058 1517 in
1089 1491 1223 1526 unum,

191 1532 248 1570 Sit
273 1542 411 1570 memor
437 1532 600 1570 auctoris
625 1531 781 1580 proprii,
807 1534 1003 1571 veneretur
1030 1534 1068 1570 et
1096 1535 1174 1571 oret

191 1585 384 1624 Artificem
411 1585 599 1629 submissa
626 1597 747 1624 suum.
768 1586 855 1624 Non
883 1586 1051 1624 condidit
1077 1586 1173 1624 alter

191 1639 372 1678 Halantis
400 1639 548 1678 animae
567 1639 802 1688 figmentum,
824 1641 861 1678 et
879 1639 1042 1688 corporis
1060 1640 1177 1678 alter:
1201 1639 1278 1678 215

202 1758 247 1798 (1)
268 1759 346 1807 Jpse
366 1759 578 1797 incorporeus
598 1759 660 1790 etc.
683 1758 797 1790 HEINS.
820 1759 925 1790 G1sn.
950 1758 1080 1797 aliique,
1096 1759 1149 1790 ubi
1164 1758 1280 1790 adnota

138 1802 358 1886 Ροῃξὲῗιτινιιὶεζνε
379 1848 518 1878 virtute}
539 1848 573 1878 in
596 1848 680 1887 ipsis
693 1848 884 1879 seminibus.
910 1849 947 1879 V.
970 1839 1113 1889 Καθεμ.
1135 1848 1178 1883 Χ,
1207 1849 1278 1880 121.

201 1889 247 1939 (ἕξ)
269 1889 330 1938 NJl
351 1899 418 1926 vos,
440 1899 458 1919 ο
479 1891 596 1920 miseri
609 1913 617 1921 .
632 1914 640 1922 .
657 1914 665 1921 .
688 1891 725 1921 In
746 1890 884 1921 editione
905 1890 1118 1922 Giseliniana:
1141 1892 1190 1921 Ne
1211 1900 1277 1927 vos,

139 1941 157 1960 ⁰
180 1939 336 2011 υἱῧωέιι,
359 1982 415 2012 eyo
433 1973 594 2012 qiynendi
614 1974 793 2004 Dominus.
815 1974 860 2005 De
882 1974 941 2005 hac
963 1983 997 2005 re
1017 1982 1130 2013 operae
1144 1974 1279 2011 pretium

118 2028 120 2030 ·
140 2015 189 2043 est
209 2022 289 2051 quae
309 2015 440 2047 Hippon.
463 2016 718 2054 Pmnsuonnvs,
739 2017 842 2047 Voom
859 2016 998 2047 Foscoro
1026 2015 1202 2054 respondit,
1225 2017 1279 2054 qui

138 2056 167 2086 ei
188 2055 318 2086 Carmen
339 2058 589 2095 nuncupaverat:
614 2068 632 2086 κ
650 2058 662 2088 Ι
683 2058 821 2096 Sepolcri
843 2068 875 2094 »‚
897 2058 930 2088 in
953 2066 1013 2095 quo
1034 2066 1145 2096 nempe
1166 2066 1279 2095 genere

139 2098 475 2172 Ξῖηῗζοτέξὲῖἒῑξέῌο
506 2107 636 2136 graecus
658 2102 751 2139 poeta
776 2108 905 2139 corpora
919 2100 1026 2131 nostra
1040 2099 1117 2130 oiim
1144 2107 1278 2130 resurre-
