1566 2482
320 173 402 216 -164
702 184 856 214 Amen
868 146 1086 231 :Pavonum
1146 222 1151 225 ¹

322 294 509 344 Argutam
536 293 684 333 mutilet
713 306 779 343 per
807 293 961 334 dissona
988 295 1149 335 semetra
1172 293 1232 347 (1)
1274 306 1460 336 normam.
1529 314 1533 316 -
1556 304 1566 330 t

321 402 487 441 Aurorae
516 401 559 441 de
585 403 705 450 parte,
734 401 855 441 tribus
881 401 996 451 plaga
1021 402 1147 441 lucida
1172 403 1290 451 portis
1367 349 1384 403 [
1425 429 1427 431 r

319 455 531 494 Inlustrata
556 457 682 503 patet3
712 456 847 504 triplex
874 455 1038 504 aperitur
1065 457 1114 494 ad
1140 457 1322 495 Austrum

321 509 517 548 Portarum
544 521 742 548 numerus:
773 510 848 547 tres
876 509 1130 548 occidualibus
1158 510 1264 549 offert

319 564 444 602 Ianua
469 563 573 601 trina
598 563 716 609 fores;
747 562 857 601 toties
885 562 1084 611 Aquilonis
1112 563 1161 601 ad
1188 575 1294 602 axem

320 616 504 655 Panditur
518 617 596 655 alta
615 617 759 655 domus.
771 616 928 654 Nullum
945 616 1023 655 illic
1037 617 1203 655 structile
1216 628 1362 665 saxum,
1384 611 1462 657 8'35

320 671 390 709 Sed
417 682 510 708 cava
537 682 601 718 per
629 670 787 708 solidum
815 669 1004 718 multoque
1031 670 1153 708 forata
1180 670 1308 710 dolatu

320 725 475 763 Gemma
500 723 681 762 relucenti
706 723 820 762 limen
847 723 1103 771 complectitur
1129 735 1233 771 arcu,

319 777 626 825 Vestibulumque
653 777 751 825 lapis
776 777 1003 824 penetrabile
1030 777 1193 825 concipit
1217 789 1330 816 unus.

319 831 517 869 Portarum
543 830 699 869 summis
725 830 906 878 inscripta
932 831 974 868 in
1001 830 1186 869 frontibus
1213 843 1303 870 auro

320 884 485 923 Nomina
511 884 707 932 apostolici
731 884 879 932 fulgent
904 883 962 922 bis
990 895 1081 922 sena
1107 885 1275 924 senatus.
1383 884 1462 924 840

320 938 479 986 Spiritus
506 938 566 976 his
593 937 716 976 titulis
743 949 882 976 arcana
908 937 1100 976 recondita
1126 938 1263 977 mentis

319 992 464 1038 Ambit,
495 993 531 1029 et
557 991 693 1030 electos
719 993 828 1030 vocat
854 991 892 1029 in
922 991 1137 1039 praecordia
1163 1003 1325 1038 sensus3

320 1045 472 1092 Quaque
499 1044 663 1083 hominis
690 1046 826 1082 natura
853 1044 968 1092 viget,
1000 1056 1111 1092 quam
1138 1055 1285 1092 corpore
1311 1045 1390 1083 toto

320 1098 496 1143 Quadrua
523 1098 580 1136 vis
608 1097 753 1135 animat
781 1096 854 1147 (2),
884 1097 996 1135 trinis
1023 1098 1258 1146 ingressibus
1285 1110 1392 1136 aram

321 1151 449 1190 Cordis
475 1151 570 1198 adit,
599 1151 787 1199 castisque
815 1150 903 1188 colit
930 1150 1093 1189 sacraria
1120 1151 1231 1190 votis.
1383 1152 1460 1190 845
1520 1162 1524 1165 ’
1556 1173 1559 1180 -

320 1205 391 1243 Seu
417 1216 548 1252 pueros
575 1204 630 1242 sol
657 1204 798 1252 primus
825 1204 930 1251 agat,
961 1215 1027 1242 seu
1053 1204 1174 1243 fervor
1199 1204 1360 1253 ephebos

318 1258 505 1296 Incendat
530 1257 684 1304 nimius,
715 1270 781 1296 seu
807 1258 1111 1296 consummabilis
1139 1257 1222 1296 aevi

320 1311 495 1350 Perficiat
520 1311 584 1349 lux
611 1311 722 1359 plena
748 1310 862 1358 viros,
893 1323 959 1349 seu
986 1311 1114 1360 algida
1139 1312 1276 1350 Borrae
1305 1310 1362 1362 (3)

319 1366 451 1411 Aetas,
481 1365 706 1413 decrepitam
733 1366 838 1403 vocet
863 1365 912 1402 ad
938 1364 1002 1413 pia
1028 1377 1136 1403 sacra
1163 1366 1373 1404 senectam:

321 1418 490 1469 Occurrit
498 1418 639 1457 trinum
656 1418 840 1467 quadrina
854 1418 902 1456 ad
918 1418 1079 1468 compita
1096 1429 1231 1456 nomen
1250 1417 1324 1469 (4),
1382 1419 1460 1458 850

386 1532 431 1571 (1)
444 1535 595 1563 semetra.
609 1549 651 1554 —
662 1532 802 1562 GisaLm.
822 1540 891 1561 cum
912 1531 988 1561 bene
1008 1531 1116 1561 multis
1135 1535 1327 1570 symmetra.
1338 1532 1402 1563 Nos
1411 1533 1459 1564 ta-

320 1583 391 1604 men
405 1577 543 1604 semetra
559 1574 754 1604 retinuimus:
769 1574 884 1603 etenim
897 1575 1086 1610 semetrum,
1098 1574 1122 1606 i.
1139 1583 1171 1604 n.
1185 1574 1267 1604 idem
1279 1574 1365 1604 uret
1379 1583 1415 1605 ac
1429 1583 1458 1606 e-

320 1625 437 1648 norme.
454 1616 523 1646 sine
537 1624 692 1651 mensura,
706 1624 767 1645 non
782 1619 887 1645 autem
901 1616 1117 1653 symmetrum.
1130 1616 1247 1653 Estque
1261 1624 1300 1646 ex
1312 1615 1414 1647 latino
1425 1626 1460 1648 u

324 1657 416 1696 (sine)
438 1657 539 1694 arch.‚
563 1658 596 1688 et
617 1666 727 1694 graeco
750 1655 882 1702 μέτρον.

385 1705 430 1743 (2)
444 1705 604 1743 Quadrua
619 1706 669 1735 vis
690 1706 829 1736 animat.
852 1705 1006 1742 Quattuor
1033 1703 1138 1742 templi
1152 1703 1253 1735 latera
1265 1704 1318 1743 (V.
1334 1713 1353 1735 a
1367 1713 1460 1736 versu

321 1746 383 1777 830
404 1748 438 1777 et
458 1746 558 1784 seqq.)
580 1747 761 1782 significant
782 1747 930 1783 quattuor
952 1746 1087 1775 hominis
1109 1747 1241 1780 aetates,
1259 1755 1392 1783 quarum
1413 1746 1458 1778 al-

319 1789 390 1819 tera
411 1788 541 1818 alteram
563 1788 695 1825 excipit,
718 1790 923 1824 naturamque
945 1787 1113 1817 humanam
1135 1787 1357 1824 quodammodo
1371 1788 1459 1819 robo-

321 1838 392 1860 rare
413 1834 447 1859 et
469 1831 550 1859 tueri
572 1829 728 1859 videntur.

385 1871 429 1909 (3)
451 1880 509 1901 seu
531 1871 646 1909 alqida
668 1871 804 1901 Rom-ae.
830 1869 879 1900 Ita
893 1870 925 1899 in
941 1870 1026 1902 codd.
1041 1878 1115 1901 mss.
1134 1870 1245 1901 Noster
1258 1871 1379 1909 Apoth.
1396 1871 1455 1903 601

321 1913 446 1943 Boreas
457 1913 630 1950 usurpavit,
642 1921 701 1942 non
713 1912 842 1941 Borrae
851 1921 861 1940 :
873 1911 927 1942 sed
943 1913 1048 1941 tamen
1064 1912 1266 1950 usurpatione
1281 1912 1356 1943 talis
1371 1913 1458 1944 vocis

321 1954 410 1984 latini
434 1963 493 1984 non
509 1954 741 1989 abstinuerunt,
752 1961 820 1983 eam
835 1953 873 1982 ab
888 1953 996 1983 Attica
1018 1950 1138 2000 βορρᾶ,
1156 1958 1199 1992 ἃς
1214 1953 1404 1991 deducendo,
1420 1955 1458 1986 nt

322 2001 508 2032 denotarent
527 2002 654 2032 ventum
670 2001 891 2038 aquilonarem.
909 2000 1054 2031 Senectus
1070 2009 1140 2031 vero
1162 2001 1277 2031 Boreae
1300 2001 1390 2032 facile
1403 2009 1458 2036 seu

323 2043 431 2080 plagae
446 2043 680 2081 septentrionali
692 2043 899 2081 comparatur,
917 2044 953 2072 ut
967 2042 1115 2072 orientali
1132 2042 1267 2080 pueritia
1284 2042 1454 2074 confertur.
1491 2057 1496 2063 ·

387 2085 433 2124 (4)
446 2094 574 2122 nomen,
587 2085 734 2124 plerique.
752 2101 795 2108 —
805 2084 943 2115 Gmeux.
959 2093 1091 2114 numen.
1106 2084 1279 2122 Utramque
1290 2083 1456 2115 lectionem

323 2125 410 2158 codd.
429 2127 548 2162 Vatioc,
572 2127 701 2165 habent,
724 2135 802 2166 quae
825 2125 947 2168 quidem
971 2127 1102 2167 utraque
1123 2125 1317 2157 intellectum
1340 2125 1450 2158 facit.-
