1566 2482
505 148 512 152 l
563 142 851 210 mmm-renim
908 184 911 186 >
1201 166 1282 210 103

139 292 254 331 Haud
279 292 431 340 experta
456 291 569 339 diem,
599 291 756 330 miserae
783 290 861 330 nisi
885 293 1060 340 postuma
1084 291 1231 331 matris.

139 347 228 385 Non
256 345 382 394 dispar
408 346 558 385 nostrae
585 347 786 394 conceptus
813 345 978 385 mentis:
1009 346 1059 385 ab
1076 357 1138 385 ore

139 399 296 448 Vipereo
321 399 490 438 infusum
516 400 570 438 sic
597 399 774 438 combibit
799 399 867 438 illa
893 411 1079 439 venenum
1204 400 1283 439 610

141 454 306 502 Coniuge
332 453 507 492 Beliade:
538 453 593 492 sic
621 453 750 492 oscula
777 453 931 492 devorat
956 454 1111 502 haustu,

140 507 376 555 Interiusque
404 507 525 555 rapit3
557 507 612 546 sic
638 507 724 546 felle
751 507 923 546 libidinis
950 509 1087 547 ardens

140 561 322 609 Impletur
347 561 468 609 vitiis,
495 561 658 609 perituro
685 561 804 600 mixta
830 562 978 601 marito.

140 616 245 653 Tunc
270 626 485 663 praegnans
510 615 622 654 letale
649 627 784 664 genus,
813 617 992 664 concepta
1018 616 1178 665 maligni

142 669 229 707 Fert
254 679 365 716 opera
391 668 550 718 ingenii,
580 669 625 707 de
654 669 795 708 semine
822 669 1014 718 complicis
1041 670 1175 719 hydri3
1207 670 1285 709 615

142 723 259 770 Quem
285 722 415 770 poenis
441 734 599 771 pensare
625 723 730 771 prius
759 721 828 761 sua
855 723 958 762 facta
985 735 1134 762 necesse
1162 726 1221 763 est

144 773 347 824 Corruptae
373 787 440 824 pro
468 778 597 824 stupro
624 777 788 824 animae,
821 788 956 826 proque
985 778 1070 816 orbe
1106 780 1285 826 peremto.

143 830 273 878 Ipsam
299 841 408 878 porro
433 830 600 868 animam
626 831 793 870 crudelia
818 831 975 869 vulnera
1002 834 1163 879 carpunt

144 883 249 926 Mille
275 883 495 931 puerperiis,
525 884 669 923 soboles
696 885 784 923 dum
810 885 972 932 parturit
998 897 1043 923 ex
1071 897 1109 923 se

146 938 284 976 Contra
310 939 484 976 naturam
511 937 676 986 genitas,
705 938 923 987 peccamina
949 939 1078 977 crebra
1211 940 1289 978 620

144 990 307 1037 Scilicet,
336 993 374 1029 et
399 992 528 1039 pastos
557 991 617 1041 (1)
646 994 815 1031 materno
843 992 972 1031 funere
1000 994 1126 1031 natos.

146 1044 247 1083 Hinc
274 1044 342 1082 illa
369 1050 427 1083 est
445 1044 596 1083 Domini
615 1045 718 1084 iusta
735 1046 947 1095 obiurgatio
975 1046 1116 1085 Christi
1146 1046 1232 1095 (2):

146 1099 281 1137 Nonne
308 1101 414 1146 pater
441 1099 614 1146 daemon,
645 1111 711 1138 vos
738 1100 889 1148 increpo
915 1102 1127 1148 peccatores
1158 1101 1234 1150 (3),

147 1152 354 1191 Concubitu
380 1152 520 1199 carnis,
551 1165 678 1192 semen
705 1153 870 1192 sitientis
897 1153 1069 1202 iniquum

148 1206 226 1245 Vos
243 1205 401 1254 genuit?
428 1207 621 1254 Sanctum,
649 1207 780 1255 lector,
810 1219 986 1255 percense
1014 1207 1289 1312 Volumen[(4):

148 1312 253 1360 Quod
278 1313 424 1362 loquor,
454 1313 623 1352 invenies
652 1314 852 1353 Dominum
879 1314 1018 1353 dixisse
1045 1314 1215 1363 profanis

114 1403 117 1405 ,
149 1367 249 1407 Vera
275 1367 523 1406 obiectantem
550 1368 793 1407 mortalibus:
826 1380 871 1407 ex
898 1370 1012 1407 Patre
1038 1381 1129 1407 nam
1156 1380 1223 1408 vos

150 1422 243 1459 Esse
269 1432 350 1460 meo
376 1421 525 1470 genitos
550 1422 686 1470 pietas,
717 1422 787 1469 ait,
819 1422 902 1470 ipsa
929 1423 1118 1471 probaret,

150 1477 207 1513 Ac
233 1474 385 1522 pietatis
412 1486 522 1524 opus.
555 1476 655 1514 Proh
682 1487 791 1515 coeca
817 1475 957 1515 libido!
985 1477 1080 1526 'quid
1106 1477 1176 1515 hoc
1211 1477 1296 1515 est?

151 1528 257 1575 Quod
292 1540 407 1577 quum
434 1541 473 1567 se
500 1529 682 1568 thalamis
718 1530 942 1578 desponsam
970 1543 1076 1569 mens
1110 1531 1211 1569 bona
1237 1530 1294 1568 iu-

152 1635 324 1683 Noverit,
354 1635 467 1684 inque
495 1638 617 1675 torum
645 1637 759 1685 Regis
789 1638 848 1686 (5)
881 1638 1046 1686 nuptura
1073 1582 1297 1684 vgigltsurffgo

172 1793 185 1819 t
219 1747 266 1786 (1)
270 1751 318 1821 ἐξ
330 1752 483 1787 pastos...
509 1752 613 1781 iratos.
637 1766 680 1771 —
699 1750 843 1780 Gmmn.
873 1750 906 1780 in
939 1750 1081 1787 margine
1102 1750 1180 1781 edit.
1196 1758 1271 1780 suae
1289 1758 1297 1780 :

155 1801 170 1820 e
199 1799 270 1829 pat·
321 1814 328 1822 .
1051 1801 1059 1806 ·
1118 1800 1128 1805 “

157 1873 198 1903 Vl
201 1833 375 1904 1}:’.)44.Hin‹:
389 1833 452 1863 ina
467 1836 515 1863 est
529 1834 667 1863 Domini
681 1835 770 1864 iusta
785 1833 981 1875 obiurjyatio.
1000 1834 1034 1864 V.
1057 1834 1149 1864 ῙοΑΝ.
1176 1833 1298 1870 Evaug.

233 1895 242 1909 ,
310 1897 318 1904 .

223 1914 272 1953 (3)
293 1917 409 1946 Nonne
424 1919 573 1955 patera...
595 1925 676 1947 vers.
697 1916 804 1955 spond.

222 1957 267 1995 (4)
275 1967 428 1996 percense
457 1958 624 1989 Volumen.
640 1958 735 1990 Codd.
753 1959 889 1994 Vaticc.,
906 1974 945 1982 —-
958 1958 1130 1995 Wffl'rzn's,
1155 1967 1224 1988 cum
1242 1966 1301 1995 quo

159 1998 301 2029 Gustum.
319 2008 480 2038 percurre
487 2010 502 2038 ,·
521 2017 564 2022 —
586 2000 639 2030 alii
658 2002 827 2039 perquire.
852 2001 916 2030 Nos
937 2001 1125 2030 retinuimus
1138 1999 1300 2038 percense,

159 2041 241 2078 quod
254 2041 381 2071 verbum
397 2041 448 2071 hic
463 2043 630 2080 usurpatur
644 2044 680 2072 ut
694 2043 808 2072 tertiae
826 2042 987 2079 coniugat.
1007 2042 1084 2072 Vide
1101 2039 1302 2088 Περὶιῖτεφ,

164 2088 198 2124 v'
223 2089 517 2170 {ss’i‘ssfqfffl‘mm
539 2132 651 2171 Περι-ε,
675 2132 743 2161 sen.
777 2132 905 2164 christi.
932 2131 969 2161 v.
998 2131 1096 2162 rm.
1122 2131 1162 2161 ad
1182 2131 1247 2168 rx,
1269 2132 1301 2164 2.
