1566 2482
622 117 911 170 monomenta

187 249 237 288 Et
262 247 420 289 conviv‘a
445 246 532 296 Dei,
560 247 654 287 dum
678 247 782 288 fallit
806 247 951 288 foedere
978 259 1131 288 mensae

187 302 492 353 Haudquaquam
530 301 720 352 ignarum,
750 303 990 352 dextramque
1026 302 1225 408 ρεηρείὶίθ
1281 301 1342 352 (1)

558 381 562 384 -
1200 356 1341 405 iungit,

187 409 330 450 Incidit
355 409 397 449 in
423 410 596 449 nostrum
621 409 841 449 flammante
868 409 1043 458 cupidine
1068 410 1202 458 telum,

187 464 377 503 Infamem
403 464 590 503 mercatus
616 475 750 514 agrum
778 462 838 515 (2)
866 464 911 502 de
939 463 1125 512 sanguine
1153 463 1266 503 amici

189 517 385 565 Numinis,
415 517 534 556 obliso
560 517 724 557 luiturus
751 517 882 566 iugera
908 517 1004 556 collo
1033 517 1109 568 (3).
1267 518 1344 556 535

188 571 345 611 Viderat
370 571 408 610 et
433 571 578 610 Iericho
604 571 755 621 propria
782 571 880 610 inter
906 570 1054 618 funera,
1085 572 1268 620 quantum

189 626 321 664 Posset
337 625 466 664 nostra
484 636 635 674 manus,
658 637 772 674 quum
790 625 908 664 victor
926 624 1226 665 conciditAchar
1267 624 1343 676 (4),

190 679 376 718 Caedibus
402 678 583 728 insignis,
612 680 750 718 murali
777 680 821 718 et·
841 680 968 728 strage
997 679 1193 727 superbus,

189 731 390 772 Succubuit
416 734 526 781 capto
552 732 664 772 victis
691 745 736 772 ex
762 733 934 772 hostibus
962 744 1075 771 auro:

190 787 291 826 Dum
304 786 433 826 vetitis
452 786 603 835 insigne
619 787 751 836 legens
766 787 968 826 anathema
979 785 1038 837 (5)
1058 786 1217 836 favillis,
1266 787 1346 826 540

190 840 336 880 Moesta
362 839 559 879 ruinarum
584 840 706 889 spolia
732 840 964 879 insatiabilis
991 840 1134 879 haurit.

191 895 280 933 Non
307 893 416 932 illum
443 904 623 943 generosa
649 894 787 941 tribus,
817 905 895 933 non
920 893 1042 942 plebis
1069 894 1194 933 avitae

190 947 295 987 Iuvit
321 947 420 986 Iuda
444 959 581 996 parens
596 946 672 999 (6),
695 947 843 988 Christo
861 947 1084 997 quandoque
1110 948 1320 998 propinquo

191 1001 354 1048 Nobilis,
382 1002 420 1040 et
444 1001 517 1040 tali
541 1001 632 1040 felix
658 1001 874 1050 patriarcha
900 1002 1047 1050 nepote.
1267 1003 1346 1041 545

191 1054 283 1102 Quis
309 1055 434 1103 placet
460 1055 667 1104 exemplum
695 1055 859 1104 generis,
879 1056 1028 1104 placeat
1054 1067 1198 1105 quoque
1226 1056 1347 1095 forma

191 1108 331 1147 Exitii:
362 1108 414 1147 sit
438 1120 560 1158 poena
585 1109 728 1157 eadem,
750 1109 886 1158 quibus
913 1111 951 1148 et
977 1121 1098 1158 genus
1125 1121 1243 1149 unum
1271 1111 1344 1149 est.

192 1162 291 1208 Quid
318 1173 438 1202 moror
465 1164 532 1201 aut
558 1163 674 1201 Iudae
702 1163 900 1212 populares
929 1163 1003 1214 (7),
1025 1165 1092 1202 aut
1117 1164 1317 1213 populares

195 1317 287 1349 notat
297 1317 428 1348 Suavivs
439 1316 479 1348 ad
489 1317 564 1348 illa:
582 1328 600 1346 «
614 1318 773 1355 sequimur
786 1318 829 1355 te,
839 1319 948 1350 sancte
959 1319 1129 1349 Deorum.»
1138 1336 1175 1340 —
1187 1319 1347 1350 Wsrrzrvs
1363 1301 1366 1304 Α

194 1361 284 1398 legit:
295 1369 457 1397 summus,
473 1360 580 1397 aitque
594 1359 705 1390 Iudam
717 1361 763 1391 ita
777 1361 898 1391 dictum
913 1361 1007 1400 putat
1019 1370 1038 1391 a
1052 1361 1222 1394 Prunlentio
1247 1357 1346 1407 εἰρω-

194 1412 324 1447 νεικῶς.

259 1456 306 1494 (l)
325 1455 517 1494 parapside.
541 1472 585 1478 —
602 1455 792 1495 paropside.
822 1456 963 1490 Glsnnm.
992 1457 1036 1488 De
1068 1457 1154 1488 vocis
1186 1458 1348 1497 scriptura

197 1498 267 1528 vide
295 1495 380 1543 Περὶ
404 1495 504 1543 Στεφ.
526 1497 630 1528 Praef.
656 1498 708 1529 18.

261 1540 310 1585 (2)
334 1546 497 1583 Infamem
509 1548 673 1576 mercatus
687 1548 734 1576 est
747 1555 882 1584 aqrum.
898 1547 1011 1577 Merito
1025 1547 1203 1586 infamem,·
1218 1547 1346 1587 quippe,

197 1587 247 1617 uti
266 1589 378 1617 narrat
398 1588 506 1619 Mun.
525 1587 658 1624 XXVII,
681 1588 713 1624 8,
735 1587 881 1619 hebraice
895 1587 960 1619 fuit
981 1589 1174 1619 haceldama
1189 1590 1346 1627 cognomi-

195 1629 303 1666 natus,
320 1629 402 1666 quod
415 1629 498 1659 idem
512 1629 600 1659 valet
614 1637 651 1660 ac
665 1638 747 1668 aqer
767 1630 958 1668 sanquinis.
982 1630 1027 1660 At
1047 1639 1183 1668 quanam
1197 1631 1236 1662 de
1250 1640 1347 1662 causa

197 1672 294 1710 poeta
315 1671 364 1701 ait
385 1673 550 1702 mercatus
569 1673 628 1708 est,
655 1671 728 1701 dum
755 1672 870 1702 scimus
898 1680 958 1702 non
978 1672 1087 1702 Iudam
1109 1672 1268 1710 scarioth,
1290 1673 1346 1704 sed

195 1711 391 1743 sacerdotum
430 1713 587 1751 principes
614 1721 724 1750 agrum
753 1713 840 1744 illum
872 1714 1022 1745 infamem
1055 1722 1163 1746 revera
1190 1716 1346 1746 mercatos

196 1754 314 1785 fuisse?
328 1754 406 1785 Vide
419 1756 463 1785 sis
483 1756 556 1787 Act.
574 1755 721 1794 Apostol.
744 1755 772 1791 1,
792 1756 842 1793 14,
859 1756 910 1792 18,
927 1755 981 1786 ubi
995 1757 1202 1789 enan-atores.

198 1838 225 1868 V
260 1795 313 1868 (33)
335 1796 434 1828 obliso
456 1797 558 1829 couo:
586 1798 672 1834 eliso,
704 1798 870 1835 suffocato,
901 1797 1016 1829 fracto.
1047 1798 1084 1829 V.
1108 1799 1220 1829 ΤΔοιΤ.
1247 1800 1341 1830 Ann.

262 1879 309 1919 (4)
332 1880 472 1911 concidit
492 1880 617 1911 Achar.
640 1880 678 1913 V.
702 1881 806 1918 Iosvn,
828 1881 899 1912 vn.

264 1920 311 1961 (5)
332 1922 504 1960 ineiyne...
538 1922 732 1954 anathema.
762 1923 886 1954 Latinis
906 1922 1023 1954 litteris
1045 1924 1151 1954 noster
1172 1921 1347 1971 ἀνάθημα

197 1966 337 2006 Scripsit.
359 1967 438 1999 Vide
458 1969 638 2003 strsnon.
661 1969 731 2008 VH,
753 1970 784 2006 2,
808 1970 867 2006 263
891 1970 994 2009 Iosvs,
1015 1971 1070 2002 VI.

262 2010 308 2048 (6)
331 2009 420 2040 Iuda
434 2019 572 2050 parens.
595 2011 711 2049 Achar,
734 2021 751 2043 e
772 2013 859 2042 tribu
881 2012 978 2048 luda;
1011 2011 1151 2052 pluribus
1179 2012 1217 2044 de
1246 2014 1349 2044 causis

200 2051 313 2082 ceteris
332 2051 423 2090 longe
444 2053 591 2090 insignis,

263 2093 309 2132 (7)
328 2093 531 2134 populares.-
551 2095 722 2135 popularis,
746 2095 788 2127 ad
808 2095 955 2136 populum
977 2095 1154 2136 pertinens3
1179 2097 1255 2135 quia
1268 2097 1348 2128 eius·
