<?xml version="1.0" encoding="UTF-8"?>
<!DOCTYPE html PUBLIC "-//W3C//DTD XHTML 1.0 Transitional//EN"
    "http://www.w3.org/TR/xhtml1/DTD/xhtml1-transitional.dtd">
<html xmlns="http://www.w3.org/1999/xhtml" xml:lang="en" lang="en">
 <head>
  <title>
</title>
<meta http-equiv="Content-Type" content="text/html;charset=utf-8" />
  <meta name='ocr-system' content='tesseract 3.04.00' />
  <meta name='ocr-capabilities' content='ocr_page ocr_carea ocr_par ocr_line ocrx_word'/>
</head>
<body>
  <div class='ocr_page' id='page_1' title='image "./operaprud00pruduoft_0079.png"; bbox 0 0 1566 2482; ppageno 0'>
   <div class='ocr_carea' id='block_1_1' title="bbox 0 0 1164 142">
    <p class='ocr_par' dir='ltr' id='par_1_1' title="bbox 0 0 1164 142">
     <span class='ocr_line' id='line_1_1' title="bbox 0 0 1164 142; baseline 0 2340"><span class='ocrx_word' id='word_1_1' title='bbox 0 0 1164 142; x_wconf 95' lang='lat' dir='ltr'> </span> 
     </span>
    </p>
   </div>
   <div class='ocr_carea' id='block_1_2' title="bbox 133 294 1217 464">
    <p class='ocr_par' dir='ltr' id='par_1_2' title="bbox 133 294 1217 464">
     <span class='ocr_line' id='line_1_2' title="bbox 133 294 1217 352; baseline -0.002 0"><span class='ocrx_word' id='word_1_2' title='bbox 133 296 580 352; x_wconf 83' lang='lat' dir='ltr'>ADVERSVS</span> <span class='ocrx_word' id='word_1_3' title='bbox 633 294 1217 351; x_wconf 80' lang='lat' dir='ltr'><strong>MARCIONITAS</strong></span> 
     </span>
     <span class='ocr_line' id='line_1_3' title="bbox 240 415 1122 464; baseline -0.003 -8"><span class='ocrx_word' id='word_1_4' title='bbox 240 418 328 464; x_wconf 81' lang='lat' dir='ltr'>QUI</span> <span class='ocrx_word' id='word_1_5' title='bbox 356 417 486 456; x_wconf 81' lang='lat' dir='ltr'>nvos</span> <span class='ocrx_word' id='word_1_6' title='bbox 513 416 640 455; x_wconf 67' lang='lat' dir='ltr'>Duos</span> <span class='ocrx_word' id='word_1_7' title='bbox 670 416 784 453; x_wconf 80' lang='lat' dir='ltr'>ESSE</span> <span class='ocrx_word' id='word_1_8' title='bbox 813 415 1122 454; x_wconf 82' lang='lat' dir='ltr'><strong>ADFIRMANT</strong></span> 
     </span>
    </p>
   </div>
   <div class='ocr_carea' id='block_1_3' title="bbox 107 574 1252 1812">
    <p class='ocr_par' dir='ltr' id='par_1_3' title="bbox 110 574 1074 679">
     <span class='ocr_line' id='line_1_4' title="bbox 110 574 1074 625; baseline -0.002 -10"><span class='ocrx_word' id='word_1_9' title='bbox 110 578 189 624; x_wconf 77' lang='lat' dir='ltr'>Quo</span> <span class='ocrx_word' id='word_1_10' title='bbox 216 578 252 615; x_wconf 88' lang='lat' dir='ltr'>te</span> <span class='ocrx_word' id='word_1_11' title='bbox 279 575 501 625; x_wconf 85' lang='lat' dir='ltr'>praecipitat</span> <span class='ocrx_word' id='word_1_12' title='bbox 528 574 652 614; x_wconf 82' lang='lat' dir='ltr'>rabies</span> <span class='ocrx_word' id='word_1_13' title='bbox 679 576 759 622; x_wconf 90' lang='lat' dir='ltr'>tua,</span> <span class='ocrx_word' id='word_1_14' title='bbox 789 575 926 623; x_wconf 87' lang='lat' dir='ltr'>perfide</span> <span class='ocrx_word' id='word_1_15' title='bbox 956 575 1050 613; x_wconf 88' lang='lat' dir='ltr'>Cain</span> <span class='ocrx_word' id='word_1_16' title='bbox 1065 605 1074 622; x_wconf 91' lang='lat'>‚</span> 
     </span>
     <span class='ocr_line' id='line_1_5' title="bbox 110 629 1046 679; baseline -0.003 -9"><span class='ocrx_word' id='word_1_17' title='bbox 110 631 260 670; x_wconf 89' lang='lat' dir='ltr'>Divisor</span> <span class='ocrx_word' id='word_1_18' title='bbox 285 630 502 679; x_wconf 83' lang='lat' dir='ltr'>blaspheme</span> <span class='ocrx_word' id='word_1_19' title='bbox 529 629 626 668; x_wconf 81' lang='lat' dir='ltr'>Dei?</span> <span class='ocrx_word' id='word_1_20' title='bbox 653 629 725 667; x_wconf 86' lang='lat' dir='ltr'>tibi</span> <span class='ocrx_word' id='word_1_21' title='bbox 752 629 921 668; x_wconf 81' lang='lat' dir='ltr'>conditor</span> <span class='ocrx_word' id='word_1_22' title='bbox 947 641 1046 668; x_wconf 87' lang='lat' dir='ltr'>unus</span> 
     </span>
    </p>

    <p class='ocr_par' dir='ltr' id='par_1_4' title="bbox 107 683 1252 1268">
     <span class='ocr_line' id='line_1_6' title="bbox 110 683 1082 733; baseline -0.003 -9"><span class='ocrx_word' id='word_1_23' title='bbox 110 687 198 724; x_wconf 90' lang='lat' dir='ltr'>Non</span> <span class='ocrx_word' id='word_1_24' title='bbox 224 684 359 733; x_wconf 89' lang='lat' dir='ltr'>liquet,</span> <span class='ocrx_word' id='word_1_25' title='bbox 389 685 426 722; x_wconf 91' lang='lat' dir='ltr'>et</span> <span class='ocrx_word' id='word_1_26' title='bbox 451 683 588 722; x_wconf 84' lang='lat' dir='ltr'>bifidae</span> <span class='ocrx_word' id='word_1_27' title='bbox 617 683 786 731; x_wconf 82' lang='lat' dir='ltr'>caligant</span> <span class='ocrx_word' id='word_1_28' title='bbox 813 683 945 722; x_wconf 89' lang='lat' dir='ltr'>nubila</span> <span class='ocrx_word' id='word_1_29' title='bbox 970 683 1082 721; x_wconf 89' lang='lat' dir='ltr'>lucis.</span> 
     </span>
     <span class='ocr_line' id='line_1_7' title="bbox 109 737 1074 788; baseline -0.003 -10"><span class='ocrx_word' id='word_1_30' title='bbox 109 739 306 778; x_wconf 87' lang='lat' dir='ltr'>Insincera</span> <span class='ocrx_word' id='word_1_31' title='bbox 334 737 394 788; x_wconf 90' lang='lat'>(1)</span> <span class='ocrx_word' id='word_1_32' title='bbox 424 737 523 776; x_wconf 91' lang='lat' dir='ltr'>acies</span> <span class='ocrx_word' id='word_1_33' title='bbox 552 738 623 776; x_wconf 89' lang='lat' dir='ltr'>duo</span> <span class='ocrx_word' id='word_1_34' title='bbox 650 749 715 786; x_wconf 88' lang='lat' dir='ltr'>per</span> <span class='ocrx_word' id='word_1_35' title='bbox 743 737 903 776; x_wconf 84' lang='lat' dir='ltr'>divortia</span> <span class='ocrx_word' id='word_1_36' title='bbox 930 749 1074 785; x_wconf 88' lang='lat' dir='ltr'>semper</span> 
     </span>
     <span class='ocr_line' id='line_1_8' title="bbox 109 790 1251 841; baseline -0.002 -10"><span class='ocrx_word' id='word_1_37' title='bbox 109 793 322 841; x_wconf 78' lang='lat' dir='ltr'>Spargitur,</span> <span class='ocrx_word' id='word_1_38' title='bbox 350 791 392 830; x_wconf 90' lang='lat' dir='ltr'>in</span> <span class='ocrx_word' id='word_1_39' title='bbox 419 791 581 840; x_wconf 89' lang='lat' dir='ltr'>geminis</span> <span class='ocrx_word' id='word_1_40' title='bbox 608 791 731 829; x_wconf 89' lang='lat' dir='ltr'>visum</span> <span class='ocrx_word' id='word_1_41' title='bbox 758 791 943 830; x_wconf 85' lang='lat' dir='ltr'>frustrata</span> <span class='ocrx_word' id='word_1_42' title='bbox 969 790 1116 840; x_wconf 86' lang='lat' dir='ltr'>figuris.</span> <span class='ocrx_word' id='word_1_43' title='bbox 1228 792 1251 829; x_wconf 85' lang='lat'>5</span> 
     </span>
     <span class='ocr_line' id='line_1_9' title="bbox 109 845 1126 893; baseline -0.001 -8"><span class='ocrx_word' id='word_1_44' title='bbox 109 849 306 886; x_wconf 87' lang='lat' dir='ltr'>Terrarum</span> <span class='ocrx_word' id='word_1_45' title='bbox 332 845 403 884; x_wconf 85' lang='lat' dir='ltr'>tibi</span> <span class='ocrx_word' id='word_1_46' title='bbox 431 845 550 884; x_wconf 86' lang='lat' dir='ltr'>forma</span> <span class='ocrx_word' id='word_1_47' title='bbox 577 845 713 893; x_wconf 80' lang='lat' dir='ltr'>duplex</span> <span class='ocrx_word' id='word_1_48' title='bbox 741 845 899 893; x_wconf 86' lang='lat' dir='ltr'>obludit,</span> <span class='ocrx_word' id='word_1_49' title='bbox 932 847 973 883; x_wconf 90' lang='lat' dir='ltr'>ut</span> <span class='ocrx_word' id='word_1_50' title='bbox 999 857 1126 884; x_wconf 86' lang='lat' dir='ltr'>excors</span> 
     </span>
     <span class='ocr_line' id='line_1_10' title="bbox 110 898 1132 949; baseline -0.002 -10"><span class='ocrx_word' id='word_1_51' title='bbox 110 901 315 940; x_wconf 88' lang='lat' dir='ltr'>Dividuum</span> <span class='ocrx_word' id='word_1_52' title='bbox 340 911 497 949; x_wconf 84' lang='lat' dir='ltr'>regnare</span> <span class='ocrx_word' id='word_1_53' title='bbox 525 900 643 937; x_wconf 91' lang='lat' dir='ltr'>Deum</span> <span class='ocrx_word' id='word_1_54' title='bbox 672 911 782 947; x_wconf 90' lang='lat' dir='ltr'>super</span> <span class='ocrx_word' id='word_1_55' title='bbox 809 898 961 938; x_wconf 85' lang='lat' dir='ltr'>aethera</span> <span class='ocrx_word' id='word_1_56' title='bbox 988 900 1132 938; x_wconf 89' lang='lat' dir='ltr'>credas.</span> 
     </span>
     <span class='ocr_line' id='line_1_11' title="bbox 109 952 1220 1002; baseline -0.002 -9"><span class='ocrx_word' id='word_1_57' title='bbox 109 955 208 993; x_wconf 88' lang='lat' dir='ltr'>Bina</span> <span class='ocrx_word' id='word_1_58' title='bbox 235 954 323 993; x_wconf 92' lang='lat' dir='ltr'>boni</span> <span class='ocrx_word' id='word_1_59' title='bbox 350 955 463 1002; x_wconf 81' lang='lat' dir='ltr'>atque</span> <span class='ocrx_word' id='word_1_60' title='bbox 490 952 582 990; x_wconf 82' lang='lat' dir='ltr'>mali</span> <span class='ocrx_word' id='word_1_61' title='bbox 609 953 792 1001; x_wconf 82' lang='lat' dir='ltr'>glomerat</span> <span class='ocrx_word' id='word_1_62' title='bbox 819 953 1038 992; x_wconf 88' lang='lat' dir='ltr'>discrimina</span> <span class='ocrx_word' id='word_1_63' title='bbox 1065 953 1220 992; x_wconf 90' lang='lat' dir='ltr'>sordens</span> 
     </span>
     <span class='ocr_line' id='line_1_12' title="bbox 110 1006 1213 1055; baseline 0.001 -9"><span class='ocrx_word' id='word_1_64' title='bbox 110 1009 184 1046; x_wconf 90' lang='lat' dir='ltr'>Hic</span> <span class='ocrx_word' id='word_1_65' title='bbox 211 1008 397 1046; x_wconf 89' lang='lat' dir='ltr'>mundus:</span> <span class='ocrx_word' id='word_1_66' title='bbox 429 1006 589 1045; x_wconf 88' lang='lat' dir='ltr'>Domino</span> <span class='ocrx_word' id='word_1_67' title='bbox 618 1007 683 1045; x_wconf 89' lang='lat' dir='ltr'>sed</span> <span class='ocrx_word' id='word_1_68' title='bbox 710 1007 855 1045; x_wconf 88' lang='lat' dir='ltr'>caelum</span> <span class='ocrx_word' id='word_1_69' title='bbox 874 1007 1104 1055; x_wconf 85' lang='lat' dir='ltr'>obtemperat</span> <span class='ocrx_word' id='word_1_70' title='bbox 1131 1007 1213 1047; x_wconf 88' lang='lat' dir='ltr'>uni.</span> 
     </span>
     <span class='ocr_line' id='line_1_13' title="bbox 109 1060 1252 1110; baseline -0.001 -10"><span class='ocrx_word' id='word_1_71' title='bbox 109 1063 196 1101; x_wconf 89' lang='lat' dir='ltr'>Non</span> <span class='ocrx_word' id='word_1_72' title='bbox 223 1062 356 1100; x_wconf 80' lang='lat' dir='ltr'>iccirco</span> <span class='ocrx_word' id='word_1_73' title='bbox 384 1060 445 1110; x_wconf 85' lang='lat'>(2)</span> <span class='ocrx_word' id='word_1_74' title='bbox 476 1061 568 1100; x_wconf 90' lang='lat' dir='ltr'>duos</span> <span class='ocrx_word' id='word_1_75' title='bbox 595 1060 759 1099; x_wconf 84' lang='lat' dir='ltr'>retinent</span> <span class='ocrx_word' id='word_1_76' title='bbox 785 1061 963 1100; x_wconf 85' lang='lat' dir='ltr'>caelestia</span> <span class='ocrx_word' id='word_1_77' title='bbox 989 1073 1111 1110; x_wconf 88' lang='lat' dir='ltr'>reges,</span> <span class='ocrx_word' id='word_1_78' title='bbox 1202 1061 1252 1099; x_wconf 90' lang='lat'>10</span> 
     </span>
     <span class='ocr_line' id='line_1_14' title="bbox 109 1115 1141 1164; baseline -0.001 -10"><span class='ocrx_word' id='word_1_79' title='bbox 109 1116 214 1163; x_wconf 82' lang='lat' dir='ltr'>Quod</span> <span class='ocrx_word' id='word_1_80' title='bbox 241 1116 314 1154; x_wconf 89' lang='lat' dir='ltr'>duo</span> <span class='ocrx_word' id='word_1_81' title='bbox 342 1116 432 1154; x_wconf 89' lang='lat' dir='ltr'>sunt</span> <span class='ocrx_word' id='word_1_82' title='bbox 458 1125 569 1163; x_wconf 87' lang='lat' dir='ltr'>opera</span> <span class='ocrx_word' id='word_1_83' title='bbox 595 1115 782 1153; x_wconf 79' lang='lat' dir='ltr'>humanas</span> <span class='ocrx_word' id='word_1_84' title='bbox 809 1115 998 1164; x_wconf 83' lang='lat' dir='ltr'>agitantia</span> <span class='ocrx_word' id='word_1_85' title='bbox 1017 1127 1141 1154; x_wconf 83' lang='lat' dir='ltr'>curas:</span> 
     </span>
     <span class='ocr_line' id='line_1_15' title="bbox 107 1168 1117 1218; baseline -0.001 -10"><span class='ocrx_word' id='word_1_86' title='bbox 107 1169 277 1209; x_wconf 77' lang='lat' dir='ltr'>Exterior</span> <span class='ocrx_word' id='word_1_87' title='bbox 303 1171 475 1207; x_wconf 89' lang='lat' dir='ltr'>terrenus</span> <span class='ocrx_word' id='word_1_88' title='bbox 501 1169 610 1207; x_wconf 89' lang='lat' dir='ltr'>homo</span> <span class='ocrx_word' id='word_1_89' title='bbox 638 1170 710 1216; x_wconf 86' lang='lat' dir='ltr'>est,</span> <span class='ocrx_word' id='word_1_90' title='bbox 742 1168 807 1218; x_wconf 87' lang='lat' dir='ltr'>qui</span> <span class='ocrx_word' id='word_1_91' title='bbox 833 1169 932 1207; x_wconf 84' lang='lat' dir='ltr'>talia</span> <span class='ocrx_word' id='word_1_92' title='bbox 959 1181 1117 1208; x_wconf 90' lang='lat' dir='ltr'>cernens</span> 
     </span>
     <span class='ocr_line' id='line_1_16' title="bbox 110 1222 1044 1268; baseline -0.001 -6"><span class='ocrx_word' id='word_1_93' title='bbox 110 1223 272 1262; x_wconf 89' lang='lat' dir='ltr'>Coniicit</span> <span class='ocrx_word' id='word_1_94' title='bbox 298 1235 379 1262; x_wconf 88' lang='lat' dir='ltr'>esse</span> <span class='ocrx_word' id='word_1_95' title='bbox 408 1223 480 1262; x_wconf 88' lang='lat' dir='ltr'>duo</span> <span class='ocrx_word' id='word_1_96' title='bbox 507 1222 695 1261; x_wconf 87' lang='lat' dir='ltr'>variarum</span> <span class='ocrx_word' id='word_1_97' title='bbox 723 1223 880 1261; x_wconf 88' lang='lat' dir='ltr'>numina</span> <span class='ocrx_word' id='word_1_98' title='bbox 906 1235 1044 1268; x_wconf 85' lang='lat' dir='ltr'>rerum,</span> 
     </span>
    </p>

    <p class='ocr_par' dir='ltr' id='par_1_5' title="bbox 108 1277 1251 1434">
     <span class='ocr_line' id='line_1_17' title="bbox 109 1277 1195 1326; baseline -0.002 -10"><span class='ocrx_word' id='word_1_99' title='bbox 109 1279 207 1316; x_wconf 91' lang='lat' dir='ltr'>Dum</span> <span class='ocrx_word' id='word_1_100' title='bbox 234 1278 344 1326; x_wconf 83' lang='lat' dir='ltr'>putat</span> <span class='ocrx_word' id='word_1_101' title='bbox 370 1289 451 1316; x_wconf 88' lang='lat' dir='ltr'>esse</span> <span class='ocrx_word' id='word_1_102' title='bbox 478 1277 614 1324; x_wconf 88' lang='lat' dir='ltr'>Deum,</span> <span class='ocrx_word' id='word_1_103' title='bbox 644 1277 709 1326; x_wconf 89' lang='lat' dir='ltr'>qui</span> <span class='ocrx_word' id='word_1_104' title='bbox 736 1289 854 1326; x_wconf 86' lang='lat' dir='ltr'>prava</span> <span class='ocrx_word' id='word_1_105' title='bbox 882 1277 1066 1315; x_wconf 86' lang='lat' dir='ltr'>effinxerit</span> <span class='ocrx_word' id='word_1_106' title='bbox 1092 1277 1195 1324; x_wconf 86' lang='lat' dir='ltr'>olim,</span> 
     </span>
     <span class='ocr_line' id='line_1_18' title="bbox 108 1330 1251 1380; baseline -0.002 -10"><span class='ocrx_word' id='word_1_107' title='bbox 108 1332 163 1370; x_wconf 87' lang='lat' dir='ltr'>Et</span> <span class='ocrx_word' id='word_1_108' title='bbox 185 1332 250 1380; x_wconf 90' lang='lat' dir='ltr'>qui</span> <span class='ocrx_word' id='word_1_109' title='bbox 276 1332 378 1370; x_wconf 84' lang='lat' dir='ltr'>recta</span> <span class='ocrx_word' id='word_1_110' title='bbox 405 1330 534 1369; x_wconf 90' lang='lat' dir='ltr'>itidem</span> <span class='ocrx_word' id='word_1_111' title='bbox 561 1331 726 1370; x_wconf 88' lang='lat' dir='ltr'>condens</span> <span class='ocrx_word' id='word_1_112' title='bbox 752 1331 956 1379; x_wconf 86' lang='lat' dir='ltr'>induxerit,</span> <span class='ocrx_word' id='word_1_113' title='bbox 989 1332 1117 1370; x_wconf 88' lang='lat' dir='ltr'>ambos</span> <span class='ocrx_word' id='word_1_114' title='bbox 1203 1331 1251 1369; x_wconf 83' lang='lat'>15</span> 
     </span>
     <span class='ocr_line' id='line_1_19' title="bbox 110 1385 1062 1434; baseline -0.001 -10"><span class='ocrx_word' id='word_1_115' title='bbox 110 1386 294 1424; x_wconf 88' lang='lat' dir='ltr'>Autumat</span> <span class='ocrx_word' id='word_1_116' title='bbox 320 1396 401 1424; x_wconf 89' lang='lat' dir='ltr'>esse</span> <span class='ocrx_word' id='word_1_117' title='bbox 429 1385 516 1423; x_wconf 87' lang='lat' dir='ltr'>deos</span> <span class='ocrx_word' id='word_1_118' title='bbox 543 1387 680 1423; x_wconf 88' lang='lat' dir='ltr'>natura</span> <span class='ocrx_word' id='word_1_119' title='bbox 707 1385 855 1434; x_wconf 87' lang='lat' dir='ltr'>dispare</span> <span class='ocrx_word' id='word_1_120' title='bbox 883 1396 1062 1424; x_wconf 87' lang='lat' dir='ltr'>summos.</span> 
     </span>
    </p>

    <p class='ocr_par' dir='ltr' id='par_1_6' title="bbox 109 1439 1113 1488">
     <span class='ocr_line' id='line_1_20' title="bbox 109 1439 1113 1488; baseline 0.001 -11"><span class='ocrx_word' id='word_1_121' title='bbox 109 1440 210 1486; x_wconf 81' lang='lat' dir='ltr'>Quae</span> <span class='ocrx_word' id='word_1_122' title='bbox 236 1439 389 1478; x_wconf 90' lang='lat' dir='ltr'>tandem</span> <span class='ocrx_word' id='word_1_123' title='bbox 417 1440 555 1480; x_wconf 83' lang='lat' dir='ltr'>natura</span> <span class='ocrx_word' id='word_1_124' title='bbox 580 1440 704 1487; x_wconf 89' lang='lat' dir='ltr'>potest</span> <span class='ocrx_word' id='word_1_125' title='bbox 731 1439 933 1478; x_wconf 86' lang='lat' dir='ltr'>consistere</span> <span class='ocrx_word' id='word_1_126' title='bbox 962 1439 1113 1488; x_wconf 82' lang='lat' dir='ltr'>duplex,</span> 
     </span>
    </p>

    <p class='ocr_par' dir='ltr' id='par_1_7' title="bbox 107 1492 1101 1595">
     <span class='ocr_line' id='line_1_21' title="bbox 108 1492 1101 1554; baseline 0 -23"><span class='ocrx_word' id='word_1_127' title='bbox 108 1494 188 1531; x_wconf 89' lang='lat' dir='ltr'>Aut</span> <span class='ocrx_word' id='word_1_128' title='bbox 214 1504 372 1541; x_wconf 88' lang='lat' dir='ltr'>regnare</span> <span class='ocrx_word' id='word_1_129' title='bbox 399 1492 486 1531; x_wconf 93' lang='lat' dir='ltr'>diu:</span> <span class='ocrx_word' id='word_1_130' title='bbox 518 1504 630 1554; x_wconf 81' lang='lat' dir='ltr'>quam</span> <span class='ocrx_word' id='word_1_131' title='bbox 658 1492 743 1531; x_wconf 88' lang='lat' dir='ltr'>fons</span> <span class='ocrx_word' id='word_1_132' title='bbox 771 1493 915 1532; x_wconf 84' lang='lat' dir='ltr'>divisus</span> <span class='ocrx_word' id='word_1_133' title='bbox 942 1494 991 1532; x_wconf 86' lang='lat' dir='ltr'>ab</span> <span class='ocrx_word' id='word_1_134' title='bbox 1018 1505 1101 1532; x_wconf 88' lang='lat' dir='ltr'>arce</span> 
     </span>
     <span class='ocr_line' id='line_1_22' title="bbox 107 1546 1059 1595; baseline 0.001 -11"><span class='ocrx_word' id='word_1_135' title='bbox 107 1547 277 1595; x_wconf 84' lang='lat' dir='ltr'>Separat,</span> <span class='ocrx_word' id='word_1_136' title='bbox 307 1547 525 1594; x_wconf 88' lang='lat' dir='ltr'>alternaque</span> <span class='ocrx_word' id='word_1_137' title='bbox 553 1547 702 1595; x_wconf 89' lang='lat' dir='ltr'>apicum</span> <span class='ocrx_word' id='word_1_138' title='bbox 730 1546 870 1586; x_wconf 90' lang='lat' dir='ltr'>ditione</span> <span class='ocrx_word' id='word_1_139' title='bbox 897 1546 1059 1585; x_wconf 84' lang='lat' dir='ltr'>recidit?</span> 
     </span>
    </p>

    <p class='ocr_par' dir='ltr' id='par_1_8' title="bbox 108 1600 1252 1812">
     <span class='ocr_line' id='line_1_23' title="bbox 108 1600 1252 1651; baseline 0 -13"><span class='ocrx_word' id='word_1_140' title='bbox 108 1601 188 1638; x_wconf 90' lang='lat' dir='ltr'>Aut</span> <span class='ocrx_word' id='word_1_141' title='bbox 206 1611 304 1638; x_wconf 91' lang='lat' dir='ltr'>unus</span> <span class='ocrx_word' id='word_1_142' title='bbox 324 1601 424 1639; x_wconf 85' lang='lat' dir='ltr'>Deus</span> <span class='ocrx_word' id='word_1_143' title='bbox 442 1601 500 1638; x_wconf 89' lang='lat' dir='ltr'>est</span> <span class='ocrx_word' id='word_1_144' title='bbox 519 1600 595 1651; x_wconf 85' lang='lat'>(3),</span> <span class='ocrx_word' id='word_1_145' title='bbox 613 1612 735 1639; x_wconf 86' lang='lat' dir='ltr'>rerum</span> <span class='ocrx_word' id='word_1_146' title='bbox 754 1601 814 1639; x_wconf 90' lang='lat' dir='ltr'>cui</span> <span class='ocrx_word' id='word_1_147' title='bbox 833 1612 978 1639; x_wconf 87' lang='lat' dir='ltr'>summa</span> <span class='ocrx_word' id='word_1_148' title='bbox 997 1602 1179 1649; x_wconf 87' lang='lat' dir='ltr'>potestas,</span> <span class='ocrx_word' id='word_1_149' title='bbox 1201 1601 1252 1638; x_wconf 84' lang='lat'>20</span> 
     </span>
     <span class='ocr_line' id='line_1_24' title="bbox 108 1654 1250 1703; baseline 0 -11"><span class='ocrx_word' id='word_1_150' title='bbox 108 1655 188 1692; x_wconf 88' lang='lat' dir='ltr'>Aut</span> <span class='ocrx_word' id='word_1_151' title='bbox 215 1665 309 1703; x_wconf 89' lang='lat' dir='ltr'>quae</span> <span class='ocrx_word' id='word_1_152' title='bbox 336 1654 412 1692; x_wconf 87' lang='lat' dir='ltr'>iam</span> <span class='ocrx_word' id='word_1_153' title='bbox 440 1655 512 1692; x_wconf 90' lang='lat' dir='ltr'>duo</span> <span class='ocrx_word' id='word_1_154' title='bbox 540 1656 643 1702; x_wconf 88' lang='lat' dir='ltr'>sunt,</span> <span class='ocrx_word' id='word_1_155' title='bbox 674 1655 896 1694; x_wconf 87' lang='lat' dir='ltr'>minuuntur</span> <span class='ocrx_word' id='word_1_156' title='bbox 923 1655 1070 1703; x_wconf 89' lang='lat' dir='ltr'>dispare</span> <span class='ocrx_word' id='word_1_157' title='bbox 1090 1666 1250 1694; x_wconf 88' lang='lat' dir='ltr'>summa.</span> 
     </span>
     <span class='ocr_line' id='line_1_25' title="bbox 109 1707 1168 1757; baseline 0 -10"><span class='ocrx_word' id='word_1_158' title='bbox 109 1709 223 1747; x_wconf 89' lang='lat' dir='ltr'>Porro</span> <span class='ocrx_word' id='word_1_159' title='bbox 250 1707 347 1746; x_wconf 90' lang='lat' dir='ltr'>nihil</span> <span class='ocrx_word' id='word_1_160' title='bbox 374 1720 576 1755; x_wconf 84' lang='lat' dir='ltr'>summum,</span> <span class='ocrx_word' id='word_1_161' title='bbox 606 1708 683 1747; x_wconf 91' lang='lat' dir='ltr'>nisi</span> <span class='ocrx_word' id='word_1_162' title='bbox 708 1709 831 1757; x_wconf 89' lang='lat' dir='ltr'>plenis</span> <span class='ocrx_word' id='word_1_163' title='bbox 859 1709 1001 1747; x_wconf 86' lang='lat' dir='ltr'>viribus</span> <span class='ocrx_word' id='word_1_164' title='bbox 1029 1720 1168 1754; x_wconf 80' lang='lat' dir='ltr'>unum3</span> 
     </span>
     <span class='ocr_line' id='line_1_26' title="bbox 108 1761 1173 1812; baseline 0.001 -12"><span class='ocrx_word' id='word_1_165' title='bbox 108 1761 303 1800; x_wconf 89' lang='lat' dir='ltr'>Distantes</span> <span class='ocrx_word' id='word_1_166' title='bbox 329 1762 521 1810; x_wconf 85' lang='lat' dir='ltr'>quoniam,</span> <span class='ocrx_word' id='word_1_167' title='bbox 551 1762 698 1811; x_wconf 89' lang='lat' dir='ltr'>proprio</span> <span class='ocrx_word' id='word_1_168' title='bbox 726 1763 815 1801; x_wconf 91' lang='lat' dir='ltr'>dum</span> <span class='ocrx_word' id='word_1_169' title='bbox 842 1763 999 1812; x_wconf 90' lang='lat' dir='ltr'>quisque</span> <span class='ocrx_word' id='word_1_170' title='bbox 1025 1763 1173 1802; x_wconf 86' lang='lat' dir='ltr'>revulso</span> 
     </span>
    </p>
   </div>
   <div class='ocr_carea' id='block_1_4' title="bbox 109 1891 1251 2016">
    <p class='ocr_par' dir='ltr' id='par_1_9' title="bbox 109 1891 1251 2016">
     <span class='ocr_line' id='line_1_27' title="bbox 173 1891 1250 1932; baseline 0.003 -10"><span class='ocrx_word' id='word_1_171' title='bbox 173 1891 225 1932; x_wconf 84' lang='lat'>(1)</span> <span class='ocrx_word' id='word_1_172' title='bbox 249 1893 428 1929; x_wconf 68' lang='grc' dir='ltr'>ιἠεἰησενα,</span> <span class='ocrx_word' id='word_1_173' title='bbox 451 1902 510 1923; x_wconf 89' lang='lat' dir='ltr'>non</span> <span class='ocrx_word' id='word_1_174' title='bbox 531 1893 667 1930; x_wconf 82' lang='lat' dir='ltr'>sincera,</span> <span class='ocrx_word' id='word_1_175' title='bbox 685 1894 846 1932; x_wconf 78' lang='lat' dir='ltr'>corrupta.</span> <span class='ocrx_word' id='word_1_176' title='bbox 870 1894 962 1926; x_wconf 80' lang='lat' dir='ltr'>Vmc.</span> <span class='ocrx_word' id='word_1_177' title='bbox 989 1894 1082 1926; x_wconf 81' lang='lat' dir='ltr'>Geor.</span> <span class='ocrx_word' id='word_1_178' title='bbox 1103 1893 1158 1930; x_wconf 81' lang='lat' dir='ltr'>IV,</span> <span class='ocrx_word' id='word_1_179' title='bbox 1178 1893 1250 1925; x_wconf 81' lang='lat'>184.</span> 
     </span>
     <span class='ocr_line' id='line_1_28' title="bbox 109 1934 1251 1972; baseline 0.003 -8"><span class='ocrx_word' id='word_1_180' title='bbox 109 1950 151 1957; x_wconf 96' lang='lat'><strong>—</strong></span> <span class='ocrx_word' id='word_1_181' title='bbox 171 1934 251 1965; x_wconf 78' lang='lat' dir='ltr'>Avr..</span> <span class='ocrx_word' id='word_1_182' title='bbox 266 1935 358 1966; x_wconf 64' lang='lat' dir='ltr'>Gau..</span> <span class='ocrx_word' id='word_1_183' title='bbox 369 1935 461 1965; x_wconf 86' lang='lat' dir='ltr'>Noct.</span> <span class='ocrx_word' id='word_1_184' title='bbox 478 1935 548 1967; x_wconf 88' lang='lat' dir='ltr'>Att.</span> <span class='ocrx_word' id='word_1_185' title='bbox 564 1935 603 1971; x_wconf 85' lang='lat' dir='ltr'>V,</span> <span class='ocrx_word' id='word_1_186' title='bbox 617 1934 649 1972; x_wconf 88' lang='lat'>3,</span> <span class='ocrx_word' id='word_1_187' title='bbox 659 1935 694 1965; x_wconf 89' lang='lat' dir='ltr'>et</span> <span class='ocrx_word' id='word_1_188' title='bbox 707 1935 807 1966; x_wconf 78' lang='lat' dir='ltr'>ann.</span> <span class='ocrx_word' id='word_1_189' title='bbox 821 1935 878 1966; x_wconf 82' lang='lat' dir='ltr'>hac</span> <span class='ocrx_word' id='word_1_190' title='bbox 890 1944 964 1967; x_wconf 84' lang='lat' dir='ltr'>voce</span> <span class='ocrx_word' id='word_1_191' title='bbox 972 1937 1097 1966; x_wconf 77' lang='lat' dir='ltr'>tantum</span> <span class='ocrx_word' id='word_1_192' title='bbox 1108 1935 1251 1967; x_wconf 81' lang='lat' dir='ltr'>usisuut.</span> 
     </span>
     <span class='ocr_line' id='line_1_29' title="bbox 174 1975 1195 2016; baseline 0.005 -10"><span class='ocrx_word' id='word_1_193' title='bbox 174 1975 222 2016; x_wconf 84' lang='lat'>(2)</span> <span class='ocrx_word' id='word_1_194' title='bbox 243 1977 370 2007; x_wconf 72' lang='lat' dir='ltr'>iccirco.</span> <span class='ocrx_word' id='word_1_195' title='bbox 383 1993 423 1998; x_wconf 93' lang='lat'><strong>—</strong></span> <span class='ocrx_word' id='word_1_196' title='bbox 433 1977 553 2013; x_wconf 66' lang='lat' dir='ltr'>Grsan„</span> <span class='ocrx_word' id='word_1_197' title='bbox 566 1981 600 2007; x_wconf 85' lang='lat' dir='ltr'>et</span> <span class='ocrx_word' id='word_1_198' title='bbox 611 1977 701 2014; x_wconf 85' lang='lat' dir='ltr'>vulgo</span> <span class='ocrx_word' id='word_1_199' title='bbox 712 1977 845 2010; x_wconf 77' lang='lat' dir='ltr'>idcirco.</span> <span class='ocrx_word' id='word_1_200' title='bbox 864 1978 990 2014; x_wconf 73' lang='lat' dir='ltr'>Graece,</span> <span class='ocrx_word' id='word_1_201' title='bbox 1005 1976 1060 2011; x_wconf 80' lang='grc' dir='ltr'>διὰ</span> <span class='ocrx_word' id='word_1_202' title='bbox 1084 1981 1195 2012; x_wconf 75' lang='grc' dir='ltr'><strong>τοῦτο.</strong></span> 
     </span>
    </p>
   </div>
   <div class='ocr_carea' id='block_1_5' title="bbox 64 2023 1254 2103">
    <p class='ocr_par' dir='ltr' id='par_1_10' title="bbox 64 2023 1254 2103">
     <span class='ocr_line' id='line_1_30' title="bbox 173 2023 1254 2064; baseline 0.001 -10"><span class='ocrx_word' id='word_1_203' title='bbox 173 2023 222 2064; x_wconf 84' lang='grc'>(3)</span> <span class='ocrx_word' id='word_1_204' title='bbox 247 2025 316 2054; x_wconf 80' lang='lat' dir='ltr'>Aut</span> <span class='ocrx_word' id='word_1_205' title='bbox 337 2034 426 2054; x_wconf 75' lang='lat' dir='ltr'>unus</span> <span class='ocrx_word' id='word_1_206' title='bbox 446 2025 536 2056; x_wconf 77' lang='lat' dir='ltr'>Deus</span> <span class='ocrx_word' id='word_1_207' title='bbox 556 2028 614 2056; x_wconf 76' lang='lat' dir='ltr'>est.</span> <span class='ocrx_word' id='word_1_208' title='bbox 637 2025 751 2056; x_wconf 79' lang='lat' dir='ltr'>Contra</span> <span class='ocrx_word' id='word_1_209' title='bbox 765 2024 956 2056; x_wconf 80' lang='lat' dir='ltr'>Marcionem</span> <span class='ocrx_word' id='word_1_210' title='bbox 976 2025 1034 2056; x_wconf 88' lang='lat' dir='ltr'>hoe</span> <span class='ocrx_word' id='word_1_211' title='bbox 1055 2025 1254 2063; x_wconf 76' lang='lat' dir='ltr'>argumenta-</span> 
     </span>
     <span class='ocr_line' id='line_1_31' title="bbox 64 2066 1252 2103; baseline 0 -8"><span class='ocrx_word' id='word_1_212' title='bbox 64 2088 67 2090; x_wconf 27' lang='lat'>*</span> <span class='ocrx_word' id='word_1_213' title='bbox 111 2066 207 2096; x_wconf 68' lang='lat' dir='ltr'>tionis</span> <span class='ocrx_word' id='word_1_214' title='bbox 227 2074 340 2103; x_wconf 84' lang='lat' dir='ltr'>genere</span> <span class='ocrx_word' id='word_1_215' title='bbox 361 2067 465 2096; x_wconf 81' lang='lat' dir='ltr'>utitur</span> <span class='ocrx_word' id='word_1_216' title='bbox 485 2067 641 2098; x_wconf 67' lang='lat' dir='ltr'>Ten-tvm.</span> <span class='ocrx_word' id='word_1_217' title='bbox 666 2067 703 2099; x_wconf 88' lang='lat' dir='ltr'>L.</span> <span class='ocrx_word' id='word_1_218' title='bbox 727 2067 752 2102; x_wconf 94' lang='lat' dir='ltr'>I,</span> <span class='ocrx_word' id='word_1_219' title='bbox 770 2076 797 2098; x_wconf 88' lang='lat' dir='ltr'>c.</span> <span class='ocrx_word' id='word_1_220' title='bbox 814 2068 846 2100; x_wconf 89' lang='lat'>5.</span> <span class='ocrx_word' id='word_1_221' title='bbox 871 2067 948 2097; x_wconf 75' lang='lat' dir='ltr'>Vide</span> <span class='ocrx_word' id='word_1_222' title='bbox 969 2068 1015 2098; x_wconf 85' lang='lat' dir='ltr'>sis</span> <span class='ocrx_word' id='word_1_223' title='bbox 1035 2068 1069 2098; x_wconf 83' lang='lat' dir='ltr'>et</span> <span class='ocrx_word' id='word_1_224' title='bbox 1090 2068 1186 2101; x_wconf 69' lang='lat' dir='ltr'>LAc&#39;r.</span> <span class='ocrx_word' id='word_1_225' title='bbox 1203 2067 1252 2096; x_wconf 84' lang='lat' dir='ltr'>De</span> 
     </span>
    </p>
   </div>
   <div class='ocr_carea' id='block_1_6' title="bbox 111 2108 1251 2148">
    <p class='ocr_par' dir='ltr' id='par_1_11' title="bbox 111 2108 1251 2148">
     <span class='ocr_line' id='line_1_32' title="bbox 111 2108 1251 2148; baseline 0.003 -11"><span class='ocrx_word' id='word_1_226' title='bbox 111 2108 199 2144; x_wconf 71' lang='lat' dir='ltr'>falsa</span> <span class='ocrx_word' id='word_1_227' title='bbox 211 2109 395 2146; x_wconf 67' lang='lat' dir='ltr'>Sapientia,</span> <span class='ocrx_word' id='word_1_228' title='bbox 413 2109 448 2139; x_wconf 87' lang='lat' dir='ltr'>L.</span> <span class='ocrx_word' id='word_1_229' title='bbox 463 2109 539 2144; x_wconf 71' lang='lat' dir='ltr'>HL:</span> <span class='ocrx_word' id='word_1_230' title='bbox 554 2109 652 2140; x_wconf 75' lang='lat' dir='ltr'>Gnor.</span> <span class='ocrx_word' id='word_1_231' title='bbox 666 2109 713 2139; x_wconf 91' lang='lat' dir='ltr'>De</span> <span class='ocrx_word' id='word_1_232' title='bbox 730 2110 872 2140; x_wconf 61' lang='lat' dir='ltr'>Ver-nate</span> <span class='ocrx_word' id='word_1_233' title='bbox 884 2109 1079 2148; x_wconf 69' lang='lat' dir='ltr'>Reliqiom’s,</span> <span class='ocrx_word' id='word_1_234' title='bbox 1094 2109 1130 2141; x_wconf 91' lang='lat' dir='ltr'>L.</span> <span class='ocrx_word' id='word_1_235' title='bbox 1143 2110 1171 2146; x_wconf 88' lang='lat'>1,</span> <span class='ocrx_word' id='word_1_236' title='bbox 1187 2109 1206 2148; x_wconf 64' lang='grc' dir='ltr'>ξ</span> <span class='ocrx_word' id='word_1_237' title='bbox 1220 2108 1251 2140; x_wconf 80' lang='grc'>3.</span> 
     </span>
    </p>
   </div>
  </div>
 </body>
</html>
