1566 2482
2 1745 31 2233 *wWWW*·

618 179 801 219 murcos
935 145 937 147 ι
1202 174 1280 214 287

192 302 365 341 Incestae
389 300 440 340 ad
465 299 648 349 gremium
676 297 822 336 matris.
850 298 938 336 Fert
963 294 1070 345 regia
1097 295 1237 334 donum

194 355 374 402 Psaltria,
402 353 583 402 respersis
609 352 786 391 manibus
812 351 857 389 de
884 350 1072 399 sanguine
1099 349 1214 388 iusto.

301 478 453 518 XXXV.
484 476 563 514 Per
589 487 700 514 mare
727 474 909 513 ambulat
941 473 1125 513 Christus

140 569 183 608 It
208 579 309 606 mare
329 566 388 618 (1)
404 578 468 615 per
480 565 643 604 medium
659 565 859 610 Dominus,
876 563 1088 611 fluctusque
1101 562 1291 610 liquentes

197 622 306 660 Galce
331 623 471 659 terens.
499 620 610 658 Iubet
635 618 807 657 instabili
833 617 1055 656 descendere
1074 616 1210 655 cumba
1227 614 1287 666 (2)

197 674 455 723 Discipulum:
486 673 553 712 sed
579 672 748 711 mortalis
775 671 976 720 trepidatio
1003 670 1155 718 plantas

198 728 358 777 Mergit3
390 730 431 765 at
462 727 526 765 ille
558 738 712 764 manum
743 725 856 774 regit,
886 726 924 763 et
951 724 1113 772 vestigia
1145 723 1287 761 firmat.

248 865 255 866 ’
316 851 491 890 XXXVI.
521 850 704 888 Daemon
737 849 884 887 missus
911 848 957 886 in
983 858 1120 896 porcos

146 940 286 983 Vincla
313 939 516 988 sepulcrali
544 939 614 977 sub
640 949 786 977 carcere
814 937 933 976 ferrea
961 937 1119 975 daemon

203 994 400 1043 Fregerat:
431 992 607 1040 erumpit,
636 992 865 1040 pedibusque
893 990 1106 1028 advolvitur
1131 990 1234 1028 Iesu.

200 1048 274 1086 Ast
290 1046 478 1084 hominem
493 1046 677 1084 Dominus
693 1045 767 1084 sibi
781 1044 964 1091 vindicat,
982 1045 1020 1082 et
1034 1043 1136 1082 iubet
1149 1043 1294 1081 hostem

203 1102 404 1139 Porcorum
431 1101 579 1148 raptare
607 1110 740 1148 greges
759 1097 835 1148 (3),
867 1109 910 1136 ac
936 1109 1003 1146 per
1030 1097 1126 1135 freta
1154 1096 1287 1145 mergi.

270 1225 467 1264 XXXVII.
499 1222 682 1272 Quinque
702 1234 847 1272 panes,
878 1223 914 1260 et
944 1221 1023 1260 duo
1044 1221 1174 1270 pisces

100 1343 102 1345 -
147 1314 320 1362 Quinque
347 1313 450 1352 Deus
476 1324 596 1361 panes
622 1311 752 1360 fregit,
782 1311 976 1360 piscesque
1004 1310 1181 1359 gemellos
1210 1309 1294 1360 (4):

207 1367 280 1405 His
306 1367 500 1405 hominum
524 1366 631 1414 large
659 1365 846 1404 saturavit
871 1364 992 1403 millia
1019 1364 1201 1413 quinque.

206 1419 416 1467 Implentur
443 1419 559 1458 nimio
587 1419 769 1456 micarum
796 1417 981 1467 fragmine
1008 1418 1136 1457 corbes

206 1473 273 1511 Bis
300 1473 405 1511 seni:
436 1474 609 1510 aeternae
636 1473 747 1510 tanta
774 1473 832 1510 est
859 1471 1051 1520 opulentia
1077 1482 1245 1509 mensae.

154 1607 278 1638 meiere
298 1607 391 1638 docta
408 1607 440 1637 in
465 1615 639 1643 numerum,
655 1607 706 1637 die
728 1607 827 1638 natali
840 1605 1016 1637 tetrarchae
1032 1615 1050 1636 a
1064 1605 1182 1644 perfida
1195 1607 1298 1636 matre

152 1650 318 1684 instincta,
340 1650 434 1688 caput
456 1650 496 1679 ab
518 1649 640 1679 Herode
660 1649 786 1680 Ioannis
808 1649 973 1687 Baptistae
995 1649 1147 1686 poposcit.

223 1690 272 1731 (1)
293 1691 326 1721 It
341 1700 445 1722 maro.
462 1691 549 1721 Mare
569 1690 714 1721 hebraice
730 1692 780 1738 &2
795 1690 886 1730 (iam)
900 1699 1047 1728 magnam
1060 1690 1192 1721 denotat
1206 1698 1301 1727 aqua·

155 1760 225 1780 rum
248 1750 312 1780 vim
338 1751 372 1780 et
395 1749 657 1786 magnitudinem.
679 1749 757 1780 Vide
776 1750 821 1780 sis
851 1749 885 1781 S.
907 1749 1037 1780 Hieron.
1070 1749 1105 1779 iu
1131 1749 1243 1780 Genes.
1271 1749 1299 1780 1.

160 1792 259 1831 Quare
273 1793 306 1822 et
320 1792 459 1822 Nazarae
473 1793 507 1822 et
522 1791 735 1830 Asphaltidos,
749 1793 783 1823 et
795 1791 977 1822 Tiberiados
991 1791 1094 1822 maria
1114 1789 1196 1821 nihil
1216 1790 1302 1821 aliud

154 1836 232 1864 sunt
255 1841 347 1870 quam
367 1833 453 1863 lacus
473 1833 682 1870 cognomines.

222 1874 269 1914 (2)
291 1874 419 1907 cumba.
444 1875 481 1907 V.
504 1873 590 1922 Περὶ
614 1873 716 1922 Στεφ-
736 1881 774 1912 V.
788 1889 870 1912 vers,
892 1880 967 1917 450,
989 1880 1021 1914 in
1042 1879 1185 1916 adnotat·

225 1921 272 1960 (3)
296 1924 445 1961 raptare.
460 1921 582 1955 Vaticc.
607 1926 674 1954 tres
688 1923 827 1953 habent:
848 1923 1005 1961 san-iare,-
1034 1930 1127 1959 quam
1151 1921 1227 1954 lect.
1250 1921 1304 1952 (31-

165 1972 229 1995 su..
253 1963 349 1992 notat
371 1964 405 1993 iu
424 1965 567 2001 margine
588 1964 683 1997 editt.
705 1973 792 1997 sune.

223 2004 270 2043 (4)
290 2005 443 2043 gemellos
464 2014 519 2044 pro
539 2014 576 2036 eo
597 2007 676 2044 quod
698 2007 749 2037 est
770 2007 872 2044 dnos5
886 2005 1035 2043 gemellus
1056 2012 1190 2042 nemque
1211 2004 1303 2035 dimi-

161 2046 304 2076 nutivum
320 2047 370 2076 est
385 2055 402 2077 a
415 2048 579 2086 geminus,
596 2048 773 2086 diciturque
787 2049 826 2078 de
839 2047 978 2086 puerulo.
995 2049 1047 2084 qui
1063 2055 1123 2077 uno
1138 2046 1304 2084 eodemque

159 2088 255 2127 partu
276 2087 310 2117 in
331 2088 430 2118 lucem
451 2089 555 2119 editus
568 2090 628 2122 est.
645 2090 742 2128 Saepe
758 2091 864 2120 tamen
885 2089 1042 2128 accipitur
1064 2096 1118 2127 pro
1132 2088 1257 2128 duplex
1271 2089 1305 2118 et

162 2143 217 2174 pro
238 2134 316 2166 dno.
339 2135 377 2166 V.
402 2135 490 2173 virg.
509 2130 680 2173 Actu—ix,
702 2138 776 2177 265,
800 2138 863 2169 etc.
