1566 2482
253 149 327 187 138
626 159 777 188 AVRELH
811 159 1013 188 Pavonum

249 267 376 306 Avida
404 267 462 316 (1)
492 267 693 315 Sobrietas,
723 267 807 306 albo
835 267 975 306 ieiunia
1001 267 1122 315 vultu,

250 320 441 369 Sanguine
469 321 530 359 vix
557 321 662 360 tenui
690 321 813 360 Pudor
839 321 1059 370 interfusus,
1089 323 1219 370 aperta
1313 322 1389 360 245

248 374 491 422 Simplicitas,
521 376 560 413 et
585 375 633 413 ad
661 385 766 413 omne
786 377 920 424 patens
933 375 1014 414 sine
1041 375 1205 425 tegmine
1235 376 1388 423 vulnus,

251 429 299 467 Et
324 429 513 475 prostrata
540 428 579 466 in
607 430 776 476 humum,
806 440 874 468 nec
900 428 1017 468 libera
1043 429 1164 468 iudice
1191 441 1272 468 sese

252 483 359 520 Mens
385 482 552 529 humilis,
586 493 695 531 quam
723 483 939 532 degenerem
965 483 1166 531 trepidatio
1193 483 1329 531 prodit.

252 536 350 574 Faxo
377 547 460 584 ego,
492 536 562 574 sub
588 537 743 585 pedibus
771 536 992 585 stipularum
1019 548 1118 576 more
1145 538 1288 575 teratur

250 589 428 628 Invalida
455 590 528 628 ista
555 602 713 637 manus;
746 602 864 640 neque
898 591 996 629 enim
1029 590 1257 640 perfringere
1290 589 1394 694 {uris

251 696 463 745 Dignamur
489 697 643 746 gladiis,
674 697 818 746 algenti
847 698 885 735 et
911 697 1096 746 sanguine
1123 697 1260 736 ferrum

251 751 436 797 Imbuere‚
466 750 665 800 fragilique
693 751 792 789 viros
810 750 956 789 foedare
982 751 1185 798 triumpho.
1219 764 1242 787 »
1258 751 1324 780 '—

250 804 357 842 Talia
385 803 592 843 vociferans
618 805 790 852 rapidum
817 805 1024 843 calcaribus
1051 806 1186 853 urguet
1215 804 1273 854 (2)

252 857 494 905 Cornipedem
521 857 596 909 (3),
624 858 795 906 laxisque
820 858 924 897 volat
947 858 1143 896 temeraria
1167 858 1300 906 frenis,

252 912 408 950 Hostem
426 912 604 950 humilem
621 912 774 960 cupiens
792 912 954 961 impulsu
971 912 1142 950 umbonis
1161 912 1286 960 equini
1315 913 1391 949 255

252 967 436 1012 Sternere,
467 965 716 1014 deiectamque
743 965 975 1014 supercalare
1001 965 1162 1004 ruinam.

253 1019 324 1057 Sed
351 1019 452 1057 cadit
478 1018 518 1056 in
546 1019 689 1058 foveam
714 1030 903 1067 praeceps,
934 1031 1045 1068 quam
1073 1019 1212 1058 callida
1240 1019 1332 1058 forte

255 1073 373 1111 Fraus
399 1072 573 1111 interciso
601 1073 802 1111 suffoderat
829 1083 985 1122 aequore
1014 1072 1072 1123 (4)
1100 1072 1252 1111 furtim:

254 1127 372 1164 Fraus
398 1126 628 1165 detestandis
656 1126 829 1165 vitiorum
857 1138 876 1164 e
904 1126 1070 1174 pestibus
1096 1137 1188 1174 una,

254 1179 424 1218 Fallendi
450 1181 600 1218 versuta
627 1181 763 1228 opifex,
795 1191 889 1229 quae
915 1179 1083 1228 praescia
1110 1179 1199 1218 belli
1317 1181 1394 1218 260

255 1233 460 1272 Planiciem
486 1234 677 1272 scrobibus
703 1234 903 1273 vitiaverat
931 1233 989 1283 (5)
1020 1233 1226 1281 insidiosis,

256 1287 395 1325 Hostili
423 1287 466 1326 de
493 1289 598 1335 parte
624 1288 763 1335 latens,
793 1289 835 1325 ut
862 1288 964 1326 fossa
989 1289 1138 1326 ruentes

254 1341 450 1389 Exciperet
474 1352 625 1389 cuneos,
657 1343 766 1388 atque
794 1341 947 1390 agmina
975 1353 1095 1379 mersa
1122 1342 1282 1379 voraret.

254 1395 310 1432 Ac
338 1406 384 1434 ne
410 1394 580 1433 fallacem
608 1397 759 1444 puteum
787 1394 1012 1443 deprendere
1037 1396 1161 1442 posset

255 1516 423 1549 Contentus
437 1527 578 1557 perages,
594 1519 621 1548 si
636 1519 739 1549 vivere
753 1527 821 1548 cum
844 1518 915 1548 Iove
936 1518 1050 1548 tendis.
1075 1528 1093 1546 »
1117 1519 1200 1548 Haec
1220 1527 1311 1558 saepe
1337 1519 1398 1549 ite-

254 1560 368 1591 rabant
391 1561 443 1598 qui
466 1569 556 1590 verae
579 1560 737 1597 religionis
758 1560 943 1599 sapientiam
968 1561 1158 1597 ignorarent.

319 1603 364 1641 (1)
386 1602 486 1632 avida
507 1602 683 1633 Sobrietas.
707 1602 812 1634 GlssL.
842 1602 954 1639 arida,
986 1611 1078 1639 quam
1112 1601 1187 1632 lect.
1211 1600 1398 1632 Theolianae

278 1644 470 1674 raetnlerim.

256 1653 275 1682 p
318 1685 363 1724 (2)
386 1688 518 1725 urquet.
547 1686 663 1724 Uryeo,
688 1687 721 1716 et
737 1694 859 1724 uryueo
880 1685 1053 1723 promiscue
1075 1687 1106 1717 in
1130 1694 1216 1717 mss.
1234 1684 1393 1722 leguntur,

256 1727 289 1757 et
309 1729 462 1765 posterior
484 1727 578 1757 lectio
591 1728 688 1758 etiam
702 1727 896 1765 frequentius
920 1727 1064 1757 occurrit.
1087 1730 1150 1760 Cfr,
1175 1723 1327 1774 Καθημ,
1354 1726 1396 1761 Χ,

256 1775 307 1805 60.
322 1776 365 1805 De
380 1775 501 1806 ratione
522 1775 677 1806 scribendi
699 1775 736 1807 V.
761 1774 929 1805 Cmusrou.
948 1775 1108 1809 emmau,
1123 1775 1317 1813 otiam-aph.
1335 1773 1398 1803 La·

257 1818 364 1847 tinam
387 1817 513 1847 Patavii
536 1825 589 1847 an.
602 1824 838 1854 nznccmxmx.

322 1859 368 1897 (3)
390 1859 614 1897 Cornipedem.
638 1858 782 1897 Cornipes
803 1857 903 1896 epith.
927 1857 1043 1888 dicitur
1064 1856 1101 1886 de
1133 1865 1211 1894 equo
1244 1858 1277 1887 et
1304 1865 1399 1895 capra

258 1901 377 1931 corneis
398 1900 524 1938 pedibus
545 1900 719 1930 instructis.
743 1899 889 1930 Absolute
911 1908 965 1938 pro
993 1907 1070 1936 equo
1099 1899 1246 1930 occurrit.
1272 1898 1308 1928 V.
1331 1898 1396 1928 Su„

258 1942 343 1972 Im.
369 1942 437 1978 VII,
461 1942 544 1977 6843
567 1941 740 1973 CLAvan.
765 1941 918 1973 Fescenn.
943 1941 985 1970 In
1007 1941 1139 1979 nuptiis
1162 1940 1304 1971 Honorio·
1329 1941 1398 1970 Au-

255 1985 347 2021 gusti
369 1986 399 2013 et
420 1985 553 2014 Mariae
574 1992 605 2013 v.
631 1983 682 2016 11.

323 2026 368 2063 (4)
394 2035 545 2064 aequore,
568 2026 600 2055 in
624 2025 759 2062 aequata
781 2024 849 2062 agri
870 2023 1015 2062 planicie.

323 2067 368 2104 (ὃ)
391 2067 576 2097 vitiaverat.
600 2066 727 2098 Hemsu
755 2066 868 2102 codex;
900 2066 954 2097 sed
986 2065 1155 2096 Weitziani
1188 2066 1222 2095 et
1254 2062 1399 2095 Vaticani

259 2115 363 2138 omnes
385 2109 573 2139 violaverat.
