1566 2482
626 196 915 226 li-AMARTIGEMA

197 306 397 355 Inciperet‚
427 305 605 354 nascique
633 316 743 343 suum
770 304 852 344 sine
879 305 1047 354 principe
1084 308 1266 355 coeptum.

197 360 300 399 Hinc
317 359 446 399 schola
462 359 523 410 (1)
534 359 760 398 subtacitam
775 359 976 398 meditatur
989 360 1145 410 gignere
1155 362 1295 400 sectam
1309 376 1319 408 3

197 415 298 462 Quae
315 413 422 453 docet
435 425 454 452 e
468 413 633 462 tenebris
651 413 816 453 subitum
829 413 1228 464 micuisse'tyrannum
1244 415 1319 463 (2).

196 521 282 569 Qui,
313 522 416 560 velut
443 521 596 560 aeterna
613 520 771 559 latitans
785 521 855 559 sub
874 522 997 569 nocte,
1027 522 1231 561 retrorsum
1252 468 1322 574 [(3)
1345 565 1348 568 Α

196 575 356 624 Vixerit,
386 577 423 614 et
447 577 545 614 tecto
573 587 718 624 semper
742 575 958 624 regnaverit
985 587 1090 615 aevo.

197 629 391 677 Aemulus,
421 631 465 668 ut
492 630 716 676 memorant,
746 640 858 678 opera
885 630 934 668 ad
962 630 1093 668 divina
1125 631 1278 679 repente

196 684 488 733 corrumpenda,
518 684 632 732 caput
659 682 825 732 caligine
852 683 1009 732 protulit
1027 685 1124 723 atra.

199 737 281 776 Hoc
308 737 404 776 ratio
431 737 497 776 sed
524 738 654 776 nostra
681 738 810 786 negat,
832 735 909 776 cui
929 748 1006 776 11011
1032 737 1120 776 licet
1134 749 1250 776 unam
1273 737 1349 777 180

196 791 394 830 Infirmare
421 791 547 838 fidem,
577 801 684 830 sacro
712 802 807 839 quae
834 791 976 829 tradita
1003 791 1099 830 libro
1126 793 1200 830 est.

200 845 283 892 Nil,
302 844 370 892 ait,
388 845 526 893 absque
542 846 618 883 Deo
633 844 775 883 factum
783 845 934 894 (4)‚sed
948 846 1085 883 cuncta
1097 857 1162 893 per
1180 846 1320 894 ipsum,

198 900 363 945 Cuncta,
396 911 464 938 nec
492 900 550 937 est
577 898 675 937 alius
703 899 901 948 quisquam
929 899 1005 937 nisi
1030 899 1154 938 factus
1182 901 1231 939 ab
1250 900 1346 948 ipso.

195 952 273 991 Sed
293 952 415 991 factus
444 953 487 991 de
515 952 630 1000 stirpe
666 952 787 991 bonus
817 952 893 1003 (5),
925 953 1109 992 bonitatis
1137 953 1178 991 in
1212 965 1324 993 usum

196 1006 389 1054 Proditus,
418 1007 455 1044 et
481 1006 600 1054 primo
627 1006 776 1054 generis
804 1006 848 1044 de
877 1006 979 1045 fonte
1007 1018 1184 1046 serenus:
1272 1007 1348 1046 185

195 1060 364 1099 Deterior
391 1071 476 1099 mox
503 1060 635 1108 sponte
663 1071 748 1108 sua,
781 1060 868 1098 dum
896 1060 1044 1100 decolor
1077 1061 1186 1099 illum

194 1113 323 1152 Inficit
348 1113 507 1159 invidia,
538 1113 779 1162 stimulisque
807 1114 970 1163 instigat
998 1114 1164 1161 amari83

194 1167 303 1206 Arsit
329 1167 430 1206 enim
457 1167 624 1206 scintilla
652 1167 729 1206 odii
757 1167 802 1206 de
830 1167 957 1207 fomite
991 1169 1059 1207 zeli
1087 1167 1167 1219 (6),

195 1222 246 1260 Et
273 1221 376 1260 dolor
402 1222 596 1270 ingenium
623 1221 769 1260 subitus
797 1222 977 1261 conflavit
1002 1223 1187 1271 iniquum.

195 1274 351 1313 Viderat
377 1275 568 1324 argillam,
599 1275 840 1314 simulacrum
868 1277 905 1314 et
938 1276 1106 1315 structile
1141 1277 1236 1316 flatu
1272 1276 1348 1316 190

196 1329 434 1368 concaluisse
463 1330 554 1368 Dei:
586 1328 777 1368 (lominum
806 1340 949 1378 quoque
978 1330 1186 1369 conditioni
1209 1357 1215 1362 -

194 1382 419 1431 Impositum
449 1383 532 1432 (7):
565 1384 701 1421 natura
729 1383 814 1431 soli,
845 1384 1060 1433 pelagique,
1097 1384 1262 1434 polique,

259 1519 306 1558 (1)
328 1519 450 1550 schola.
475 1519 519 1550 De
541 1519 709 1550 Marcionis
741 1519 845 1550 schola
867 1521 900 1550 et
921 1520 1067 1552 doctrina
1087 1521 1125 1552 V.
1149 1521 1181 1552 S.
1206 1521 1346 1553 Avcvsr.

197 1561 246 1591 De
270 1561 368 1592 Civit.
392 1562 467 1597 Dei,
491 1561 532 1598 Π,
558 1562 610 1592 13.

259 1602 308 1642 (2)
332 1606 531 1642 tyrannum,
554 1603 693 1642 proprie.

258 1644 305 1682 (3)
328 1647 536 1675 retrorsum.-
560 1645 628 1676 scil.
653 1645 692 1674 ab
715 1645 919 1676 aeternitate.

261 1687 307 1723 (4)
329 1686 403 1722 Nil,
430 1688 492 1723 ait,
514 1686 633 1726 absque
654 1687 723 1716 Deo
743 1686 883 1724 sactum.
907 1688 1000 1718 ΙοΑΝ.
1023 1688 1056 1723 Ι;
1082 1688 1197 1719 Genes.
1215 1688 1243 1718 1.

260 1728 305 1766 (5)
328 1728 438 1766 factus
452 1729 492 1758 de
513 1729 616 1768 stirpe
639 1728 754 1760 bonus,
779 1738 796 1758 κ
822 1729 911 1759 Vidit
924 1730 1008 1760 0111111
1025 1730 1108 1760 Deus
1129 1732 1254 1768 cuncta,
1271 1739 1350 1767 quac

195 1769 326 1807 fecerat,
349 1771 383 1801 et
402 1772 495 1801 erant
516 1770 607 1800 valde
628 1771 720 1800 tona.
745 1781 764 1799 »
790 1771 926 1801 Gemsis
958 1773 1068 1802 auctor
1082 1772 1109 1802 Ι.
1127 1771 1211 1810 Quae
1239 1775 1350 1811 poetae

195 1812 290 1849 verba
301 1812 333 1842 in
345 1812 610 1842 Priscillianistas
621 1812 706 1842 dictu
719 1813 805 1849 sunt,
819 1814 874 1850 qui
886 1813 1047 1843 diabolum
1072 1821 1233 1851 nunquam
1253 1813 1349 1844 fuisso

197 1854 311 1884 bonum
333 1854 574 1889 contenderent3
600 1854 728 1890 ideoque
749 1854 818 1884 eius
840 1855 988 1886 naturam
1017 1864 1037 1886 a
1070 1855 1134 1886 Deo
1164 1864 1226 1886 11011
1255 1855 1350 1886 fuisso

197 1894 384 1933 protectam,
409 1895 446 1927 V.
470 1895 502 1926 S.
526 1896 642 1926 Lnoms
663 1895 722 1933 Ep.
746 1895 815 1933 XV,
839 1906 867 1927 c.
894 1897 944 1927 VI.

261 1935 310 1976 (6)
332 1937 371 1967 de
392 1938 502 1975 fiamite
523 1938 598 1968 zeli.
622 1937 657 1968 In
673 1937 860 1969 deteriorem
876 1939 926 1969 hic
942 1940 1065 1977 partem
1081 1938 1164 1969 zelus
1179 1939 1348 1978 accipitur,

197 1979 268 2008 scil.
285 1987 340 2016 pro
356 1979 542 2016 invidentia,
558 1987 636 2016 quae
651 1979 752 2009 oritur
766 1987 806 2009 ex
822 1980 956 2011 alterius
972 1981 1063 2016 bono,
1079 1982 1114 2011 et
1127 1981 1235 2011 odium
1250 1982 1348 2020 parit.

200 2020 248 2050 Ad
271 2020 354 2050 hunc
378 2020 503 2051 modum
531 2021 657 2059 verbum
681 2019 804 2068 ζηλόω
839 2024 972 2061 usurpat
1009 2022 1042 2054 S.
1065 2022 1202 2060 Pivrvs,
1225 2023 1269 2053 ad
1291 2023 1350 2054 Co·

199 2066 304 2097 rinch.
329 2065 418 2102 xm.
441 2066 474 2097 4.

261 2107 308 2146 (7)
332 2108 514 2138 conditioni
536 2108 744 2147 Impositum.
763 2111 846 2141 Deus
861 2119 970 2141 eorum
985 2111 1138 2147 omnium,
1154 2120 1232 2149 quae
1247 2120 1355 2142 cresse

196 2153 259 2187 set,
288 2150 448 2180 dominum
480 2151 615 2189 primum
643 2152 792 2190 imposuit
826 2153 993 2183 hominem.
1030 2154 1067 2185 V.
1097 2155 1210 2184 Genes.
1243 2154 1271 2191 1,
1295 2154 1349 2198 26·
