1566 2482
469 245 1045 363 DIPTYOON*³

246 378 687 467 VTRIVSQVE
746 380 1232 470 TESTAMENTI

451 597 830 638 TESTAMENTVM
863 599 1023 639 VETVS

536 706 572 744 I.
607 674 743 745 Adana
775 709 812 746 et
842 706 934 746 Eva

168 777 246 815 Eva
271 775 442 815 columba
469 775 543 815 fuit
569 778 662 816 tunc
689 778 864 826 candida,
896 779 1006 827 nigra
1034 779 1166 818 deinde

216 830 348 877 Facta,
366 841 432 878 per
459 830 690 879 anguineum
716 832 934 871 malesuada
957 831 1011 882 (1)
1041 833 1310 940 ἰῐᾶιιᾶθῑέῐῖῐὲιο-

1297 915 1309 936 9

238 953 265 992 “)
287 953 400 983 Vtrum
416 953 473 984 hoe
489 954 655 985 Prudentii
671 955 866 994 opusculum,
882 956 1055 987 extremum
1071 965 1158 995 sane,
1174 958 1229 988 sed
1245 967 1308 990 non

165 995 271 1031 exigui
282 995 429 1033 ponderis
443 996 488 1026 sit
501 998 666 1034 niptyoon,
680 1006 720 1028 an
732 997 952 1028 Encnnumon
964 999 1208 1036 inscribendum,
1221 999 1306 1031 haud

161 1036 269 1067 multis
285 1039 317 1067 te
332 1037 486 1074 morabor,
500 1038 631 1069 candide
651 1038 761 1071 lector.
784 1039 904 1070 V1cron
925 1040 1092 1071 Gusnmnvs
1107 1049 1217 1079 graece
1232 1041 1309 1074 illud

161 1076 391 1125 Ἐγχειρὶδιον
410 1086 496 1116 Nom·
516 1088 547 1115 et
574 1086 699 1117 Veteris
720 1087 943 1118 Instrumenti
964 1089 1139 1127 inscripsit,
1160 1090 1194 1120 et
1215 1090 1309 1121 multi

160 1130 232 1164 post
245 1135 314 1156 eum
328 1126 437 1157 latinis
451 1127 571 1158 Iltteris
587 1128 822 1158 Enchiridium
844 1129 1019 1161 describere
1034 1139 1095 1160 non
1109 1131 1308 1163 dubitarunt.

159 1167 219 1198 Sed
233 1167 431 1205 Gssmumvs,
447 1169 595 1200 Sacerdos
610 1170 828 1207 Massiliensis,
840 1171 895 1208 qui
911 1171 964 1202 LX
976 1173 1068 1203 anuis
1078 1172 1187 1203 floruit
1200 1181 1220 1203 a
1230 1173 1307 1204 Pru-

161 1215 279 1253 dentio,
290 1214 371 1246 hanc
382 1217 493 1253 poetae
500 1217 622 1255 hispani
634 1217 819 1248 industriam
833 1211 1026 1259 διττοχαῖον
1038 1221 1140 1257 vocat,
1153 1229 1172 1251 a
1183 1213 1306 1261 διττὸς,

160 1261 297 1301 duplex,
321 1264 354 1293 et
375 1256 448 1304 ὂχή
460 1264 563 1294 cibus.
579 1264 738 1303 Diptycon
754 1274 838 1302 vero,
855 1266 1002 1297 videlicet
1017 1267 1211 1307 duplicatum
1222 1277 1306 1300 eum-

160 1309 290 1347 demque
304 1318 435 1348 parvum
446 1311 584 1342 libellum
596 1321 616 1342 a
629 1305 780 1348 πτύσσω,
789 1313 891 1352 plico,
908 1315 1076 1354 eomplico,
1091 1316 1306 1353 probatissimi

160 1351 300 1381 omnium
321 1351 410 1383 codd.
434 1352 538 1384 vatic.
554 1353 782 1391 praeseferunt.
805 1354 904 1393 Quam
927 1356 1051 1394 quidem
1073 1356 1239 1389 lectionem
1253 1358 1304 1390 G1-

160 1399 287 1429 nmvs,
310 1392 476 1424 Annum-vs
498 1394 680 1431 FAmucws,
704 1396 814 1426 Νιςοι.
836 1397 987 1428 Hsmsws
1007 1401 1041 1428 et
1062 1398 1237 1430 CnLnAnws
1259 1408 1305 1430 re-

158 1433 340 1469 tinuerunt3
364 1434 503 1472 quodque
523 1437 628 1466 maius
650 1438 711 1473 est,
733 1437 824 1468 hosce
847 1438 922 1468 duos
949 1439 1072 1470 libellos
1095 1449 1114 1470 a
1134 1440 1304 1472 Prudentii

159 1475 283 1511 ingenio
293 1476 418 1506 omnino
428 1475 579 1514 protectos
594 1486 662 1508 esse
673 1479 798 1516 putant.
813 1479 962 1510 Libenter
976 1490 1031 1511 nos
1046 1480 1096 1511 his
1111 1481 1304 1513 doctissimis

159 1516 239 1546 viris
260 1516 502 1555 adstipulamur,
524 1519 675 1555 quidquid
697 1520 811 1551 Imm«.
835 1521 1011 1552 Siannnvs
1033 1522 1066 1552 in
1087 1523 1153 1553 suis
1166 1523 1303 1556 scholiis

161 1558 199 1587 in
219 1557 344 1595 Prud„
369 1558 521 1589 Dvmmvs
543 1561 577 1590 et
597 1560 774 1592 Dommcvs
797 1562 925 1593 MAcnvs
947 1563 1064 1601 aliique
1088 1564 1305 1602 obloquantur.

162 1599 242 1630 Sunt
269 1600 324 1636 qui
352 1599 648 1637 Argentoratensem
675 1603 779 1633 nescio
799 1612 899 1641 -quem
934 1605 1072 1636 codicem
1101 1606 1133 1636 in
1166 1606 1303 1637 medium

161 1640 334 1679 proferant,
355 1642 453 1679 atque
473 1643 653 1681 opusculum
665 1645 807 1675 Amoeno
819 1646 1004 1685 inscriptum
1015 1655 1080 1678 esse
1097 1648 1302 1685 contendant,

162 1682 209 1713 uti
224 1682 397 1714 Prudentio
409 1685 514 1715 nostro
527 1685 668 1723 pulcrum
685 1688 717 1716 et
732 1686 923 1718 elaboratum
936 1690 1112 1726 poemation
1129 1689 1303 1727 invideant,

161 1725 195 1753 et
208 1723 334 1755 facilius
348 1725 541 1758 abiudicent.
567 1726 714 1765 Graphici
728 1728 867 1766 profecto
888 1729 1047 1768 philologi,
1065 1731 1118 1768 qui
1133 1740 1166 1762 se
1184 1732 1304 1764 nescire

160 1765 362 1796 dissimulent
382 1766 458 1797 illud
478 1776 588 1798 nomen
603 1770 747 1800 Amoeno
759 1779 821 1801 non
840 1780 951 1802 revera
965 1773 1106 1803 auctoris
1127 1781 1239 1804 nomen
1254 1782 1301 1805 re-

159 1811 252 1850 ferre,
263 1812 318 1843 sed
328 1813 436 1851 poetae
446 1807 652 1858 ’κατ’ἒξοχὴν
664 1816 757 1848 fuisse
769 1817 910 1849 affictum
921 1820 960 1850 ab
973 1819 1147 1857 excriptore
1158 1821 1303 1858 quodam,

159 1855 214 1883 aut
229 1862 388 1885 recensore
402 1857 491 1887 nobis
505 1858 625 1895 ignoto,
639 1859 767 1898 propter
780 1861 1006 1892 amoenitatem
1021 1870 1179 1899 versuum,
1192 1863 1303 1899 quibus

159 1896 243 1926 inter
264 1895 513 1936 describendum,
527 1902 584 1930 aut
603 1901 823 1933 recensendum
839 1903 1014 1940 caperetur.
1032 1902 1092 1933 Sed
1108 1903 1144 1933 de
1160 1904 1301 1942 opusculi

158 1936 287 1968 huiusce
310 1937 404 1968 titulo
425 1940 505 1972 satis
527 1949 688 1980 superque.
706 1942 783 1973 Vide
797 1944 843 1973 sis
858 1943 905 1974 Io.
921 1944 1062 1975 Annum
1084 1944 1235 1975 FABmcn
1251 1945 1301 1976 Bi-

158 1978 346 2009 bliotheeam
362 1979 518 2018 Latinam,
533 1983 619 2013 Tom.
636 1983 679 2020 11,
696 1983 771 2022 cap.
787 1984 831 2019 ΙΙ,
849 1994 920 2022 pag.
939 1986 1018 2022 225;
1038 1987 1071 2017 ot
1087 1985 1150 2017 Ios.
1169 1986 1301 2018 Tfleom

153 2020 409 2059 praefationem,
430 2026 530 2062 caput
550 2025 601 2062 II,
627 2025 661 2055 in
682 2025 761 2058 edic.
786 2026 914 2058 Bodon.

219 2062 265 2101 (1)
288 2063 492 2097 malesuada.
516 2064 583 2096 Vox
604 2067 722 2098 adiect.
738 2075 817 2105 quae
832 2069 986 2099 conflatur
1001 2077 1020 2099 a
1037 2069 1121 2099 male
1136 2070 1169 2100 et
1186 2069 1300 2101 inusit.

155 2103 294 2141 enudus,
318 2114 352 2142 a,
375 2114 444 2138 um.
466 2106 549 2139 Ante
573 2107 683 2146 Virgil.
703 2108 799 2147 (Aen.
823 2109 877 2148 VI,
900 2110 975 2149 276)
1004 2110 1135 2142 Plautus
1158 2120 1196 2143 ea
1218 2121 1291 2143 usus
