1566 2482
296 197 374 236 162
673 192 826 235 Avitum
850 203 1052 234 PRVDENTH

292 317 467 358 Rimante
492 314 647 365 ingenio
673 315 778 354 docte
803 314 1065 362 internoscere,
1094 312 1251 352 mixtum
1271 341 1274 344 ι

291 370 471 410 Innocuis
498 369 652 408 avibus:
681 369 775 407 latet
800 369 838 407 et
863 369 974 417 lupus
1001 379 1062 407 ore
1089 367 1241 406 cruento

291 424 507 464 Lacteolam
532 423 711 462 mentitus
739 434 843 462 ovem
871 422 941 461 sub
967 421 1100 461 vellere
1126 419 1246 468 molli,

293 478 417 518 Cruda
441 489 506 526 per
533 477 693 526 agninos
719 487 891 515 exercens
917 475 1046 514 funera
1074 474 1207 513 rictus.

294 532 379 570 Hac
405 542 485 570 sese
513 530 703 570 occultant
725 530 909 569 Photinus
934 528 1008 578 (1),
1027 530 1064 567 et
1078 527 1210 567 Arrius
1237 527 1332 575 arte,
1357 525 1432 566 '795

291 586 482 624 Immanes
509 584 656 623 feritate
682 583 777 632 lupi:
808 582 1024 622 discrimina
1049 581 1212 631 produnt

292 640 446 686 Nostra,
466 649 666 686 recensque
693 649 812 685 cruor,
833 636 1005 686 quamvis
1031 636 1075 674 de
1101 645 1250 684 corpore
1273 644 1431 681 summo,

293 692 388 739 Quid
415 691 535 740 possit
552 691 691 730 furtiva
708 703 844 730 manus
863 704 901 729 ».
912 711 965 718 -
984 689 1168 729 Gemitum
1195 688 1298 727 dedit
1314 687 1436 727 omnis

293 745 484 785 Virtutum
509 745 684 793 populus,
713 756 803 784 casu
830 755 1031 783 concussus
1062 743 1192 782 acerbo
1221 742 1298 792 (2).

292 800 387 838 Tum
422 810 601 848 generosa
636 798 747 838 Fides
783 799 875 837 haec
901 797 1089 837 subdidit:
1128 817 1180 824 —
1209 795 1359 835 «immo
1377 802 1433 834 εσ-

1136 848 1285 902 [cundis
1357 849 1434 888 800

293 908 342 946 In
367 906 478 945 rebus
506 906 624 945 cesset
651 905 825 955 gemitus.
858 904 1062 945 Concordia
1087 904 1190 943 laesa
1215 904 1288 951 est,

292 961 364 999 Sed
392 960 545 998 defensa
573 960 663 998 Fide
692 960 768 1010 (3);
800 960 891 1008 quin
919 960 956 998 et
983 957 1187 998 Concordia
1214 968 1341 1006 sospes

294 1016 520 1054 Germanam
545 1014 721 1052 comitata
749 1014 891 1059 Fidem,
921 1024 989 1052 sua
1015 1012 1171 1051 vulnera
1197 1011 1308 1049 ridet.

294 1069 400 1106 Haec
427 1079 511 1106 mea
538 1067 618 1106 sola
645 1067 773 1114 salus,
804 1067 900 1105 nihil
927 1067 997 1105 hac
1025 1065 1118 1103 mihi
1144 1065 1250 1103 triste
1269 1064 1431 1112 recepta.

294 1122 421 1160 Unum
449 1132 541 1169 opus
561 1121 710 1169 egregio
725 1122 842 1159 restat
859 1122 943 1168 post
960 1119 1058 1158 bella
1085 1118 1205 1158 labori
1233 1117 1308 1168 (4),
1357 1117 1433 1157 805

293 1175 324 1214 Ο
352 1186 534 1223 proceres,
563 1175 672 1223 regni
699 1174 797 1224 quod
822 1173 975 1213 tandem
1000 1172 1142 1222 pacifer
1169 1173 1274 1211 heres
1295 1169 1354 1222 (5)

357 1350 403 1390 (1)
417 1349 592 1380 Photinus.
607 1348 715 1380 Sirmii
733 1347 894 1386 episcopus
916 1347 979 1378 fuit
994 1346 1076 1386 apud
1097 1344 1236 1382 Galatas,
1250 1354 1269 1376 a
1283 1354 1342 1384 quo
1354 1345 1433 1377 Pho·

293 1397 423 1436 finiani,
448 1397 501 1434 qui
515 1397 733 1427 Ebionitarum
750 1396 891 1426 haeresin
908 1395 1132 1430 instaurantes,
1149 1393 1318 1424 docueruut
1339 1393 1434 1424 Isssvn

293 1446 458 1477 cums-rm
473 1445 629 1475 hominem
645 1452 763 1474 merum
778 1443 884 1480 luisse,
899 1444 992 1480 atque
1008 1442 1196 1472 solummodo
1211 1442 1284 1472 ante
1298 1442 1433 1473 Mariam

294 1494 468 1531 Virginem,
481 1494 642 1530 tamquam
653 1492 749 1522 Deum
761 1491 916 1522 extitisse.
931 1490 1007 1520 Vide
1019 1490 1216 1522 sistan‘r.
1225 1490 1430 1527 memsn,

297 1541 528 1572 Commonitor.
551 1540 570 1579 ξ
593 1540 644 1570 17.
1278 1583 1285 1587 .

357 1595 402 1633 (2)
417 1603 497 1625 casu
530 1603 705 1624 concussus
734 1593 863 1623 acerbo.
903 1591 1150 1622 Hemistichium
1180 1591 1364 1628 Virgilian„
1393 1598 1433 1622 ex

294 1643 377 1674 Aen.
403 1643 439 1678 V,
466 1642 538 1673 700.

357 1696 403 1736 (3)
419 1695 553 1733 defensa
567 1695 659 1726 Fide.
684 1694 797 1730 Aans,
816 1695 1033 1730 Nnssmssmvs„
1052 1693 1228 1724 Glsumnvs.
1247 1691 1432 1731 -det'ensa

294 1745 405 1785 Fides,
427 1744 610 1779 Cmmvs,
635 1743 754 1780 aliquot
776 1742 863 1772 codd.
887 1750 930 1772 m.
953 1741 1085 1780 scriptos
1105 1741 1242 1772 secutus.

360 1798 405 1838 (4)
416 1797 583 1836 eyreyio...
596 1796 711 1827 labori.
722 1796 877 1826 erzws
889 1796 922 1825 et
942 1795 1000 1825 duo
1010 1794 1097 1825 codd.
1117 1802 1191 1824 mss.
1213 1793 1334 1825 Vaticc.
1347 1803 1432 1832 eym-

293 1842 401 1880 9ium.
414 1856 438 1862 —
449 1848 552 1869 unum
567 1840 800 1877 opus...restat.
814 1837 969 1874 Saiomon,
980 1837 1034 1867 aut
1042 1835 1195 1871 Solomon.
1204 1835 1352 1874 templum
1360 1835 1434 1866 Hie-

295 1881 456 1920 rosolymis
467 1881 589 1918 egregio
595 1889 684 1918 opere
691 1879 867 1910 extructum
875 1879 914 1909 ab
922 1878 1064 1908 inchoato
1077 1877 1434 1914 inaedificavitmuisque

297 1925 373 1954 item
390 1925 531 1954 nostrum
556 1922 706 1960 templum
729 1923 762 1952 in
783 1929 815 1951 se
831 1921 896 1958 ipso
911 1922 944 1951 et
958 1920 1057 1950 altare
1078 1919 1277 1958 purissimum
1291 1919 1435 1949 extruere

298 1965 401 2001 decet;
419 1964 499 2003 quod
522 1964 676 1994 PAmmvs
690 1962 839 2002 pei-nobili
857 1962 956 1993 Foebo
972 1961 1127 1992 Abduensi
1143 1969 1236 1999 puero
1251 1961 1282 1990 in
1298 1961 1433 1991 mentem

298 2015 443 2037 revocare
465 2015 524 2037 non
548 2005 725 2036 dubitavit:
751 2016 768 2032 ‹<
785 1996 818 2035 E*
828 2004 945 2042 duopo,
962 2003 1101 2039 Achille,
1117 2003 1230 2033 alzare
1251 2001 1433 2032 Nell’alma

298 2049 325 2078 il
345 2049 456 2087 primo
479 2048 588 2079 altare
610 2058 627 2075 »
650 2046 919 2086 (L'Educazione
941 2046 976 2075 al
995 2045 1133 2084 giovane
1156 2043 1240 2074 Febo
1261 2042 1430 2082 dudda).

361 2102 405 2141 (5)
412 2102 543 2141 pacifer
553 2101 677 2132 haeres.
688 2100 762 2133 Scil.
773 2100 925 2136 Salomon,
935 2099 1016 2137 quod
1037 2106 1147 2129 nomen
1167 2096 1433 2136 latinepaon’floue

298 2151 401 2180 sonat.

401 2206 411 2234 Ι
