1566 2482
895 68 930 81 μ*

265 156 342 200 268
643 168 796 202 Avitum
822 161 1023 202 annm1

312 282 462 320 Interea
477 281 565 319 dum
579 282 679 319 torta
691 291 809 330 vagos
822 281 919 330 ligat
928 280 1048 320 infula
1059 281 1182 321 crines
1197 281 1273 333 (1).
1291 282 1392 322 1085

314 335 535 383 Fatalesque
563 334 687 372 adolet
713 346 853 383 prunas
881 335 1040 383 innupta
1067 336 1251 383 sacerdos,

314 389 444 426 Fertur
471 399 536 435 per
563 388 721 434 medias,
741 389 783 425 ut
801 388 952 436 publica
969 399 1118 437 pompa,
1140 389 1286 437 plateas
1315 389 1391 439 (2),

315 441 460 479 Pilento
487 441 653 479 residens
681 441 798 487 molli,
830 453 940 489 seque
968 453 1028 480 ore
1056 443 1194 481 retecto

313 495 481 542 Imputat
508 494 688 532 attonitae
716 494 821 543 virgo
848 495 1062 542 spectabilis
1089 495 1181 534 Vrbi
1210 494 1286 546 (3).

313 549 406 586 Inde
439 548 487 586 ad
519 559 732 586 consessum
763 559 897 587 caveae
931 549 1004 599 (4),
1037 549 1154 596 pudor
1185 549 1320 596 almum
1360 550 1398 588 et

1037 599 1183 653 [expers
1292 602 1395 642 1090

311 654 517 702 Sanguinis
545 654 575 692 it
602 654 737 702 pietas,
768 654 957 692 hominum
986 655 1112 693 visura
1140 659 1311 694 cruentos

312 708 554 755 Congressus,
585 709 805 756 mortesque,
836 709 873 746 et
899 708 1055 747 vulnera
1082 709 1232 747 vendita
1259 711 1369 757 pastu

310 761 526 808 Spectatum
554 761 671 799 sacris
698 761 816 799 oculis
846 761 920 811 (5).
953 762 1060 800 Sedet
1086 761 1154 800 illa
1180 762 1351 801 verendis

312 814 500 852 Vitta-rum
526 814 688 863 insignis
716 814 894 862 phaleris,
923 814 1130 863 fruiturque
1155 815 1320 856 lanistis.

311 868 342 906 O
384 869 551 906 tenerum
597 868 793 916 mitemque
840 868 1028 906 animum!
1055 869 1265 973 [consurgit
1291 869 1338 907 ad
1362 869 1391 907 i-

486 939 488 941 >
1072 924 1177 968 ctus3
1288 922 1391 962 1095

309 975 372 1020 Et,
403 973 544 1022 quoties
571 973 689 1012 victor
715 974 851 1013 ferrum
880 975 1008 1023 iugulo
1035 975 1177 1022 inserit,
1205 975 1274 1014 ina

309 1027 470 1065 Delicias
498 1027 553 1065 ait
579 1039 658 1066 esse
686 1039 789 1076 suas,
818 1030 1017 1076 pectusque
1049 1028 1206 1067 iacentis

310 1080 425 1129 Virgo
453 1081 619 1119 modesta
646 1081 749 1120 iubet
775 1092 951 1120 converso
977 1081 1110 1130 pollice
1136 1081 1258 1130 rumpi
1287 1081 1371 1132 (6):

316 1197 364 1237 (1)
386 1198 466 1227 dum
488 1201 574 1228 torta
589 1208 685 1237 vagos
702 1199 787 1238 liyat
803 1200 915 1238 infula
930 1200 1048 1230 crInes.
1074 1199 1263 1237 Graphicum
1278 1199 1389 1230 descri-

255 1240 391 1278 ptionem
413 1239 543 1269 duarum
567 1240 739 1270 Vestalium
763 1242 851 1271 nobis
873 1242 1002 1279 praebet
1015 1241 1167 1271 Ennia
1190 1242 1391 1272 FABnmrlvs

255 1283 287 1311 in
309 1289 419 1319 opere:
444 1281 541 1310 Della
574 1282 719 1312 Colonna
746 1282 909 1313 Traiana.
944 1282 1019 1320 Cap.
1045 1283 1099 1319 VI,
1127 1291 1200 1320 pag.
1235 1284 1306 1320 107,
1337 1283 1389 1313 ubi

254 1323 416 1359 virginum
438 1331 505 1352 mos
526 1323 635 1360 vestis,
658 1323 843 1361 habitusque
860 1324 899 1353 ad
922 1325 1090 1354 veritatem
1111 1324 1304 1362 depingitur.
1331 1325 1389 1354 Est

254 1366 360 1394 tamen
383 1364 503 1400 aliquid
525 1364 716 1394 discriminis
739 1366 823 1395 inter
843 1366 1026 1396 Fabrettum
1048 1367 1081 1396 et
1111 1366 1315 1396 Prudentium
1338 1374 1390 1396 no-

254 1407 355 1435 strum
377 1406 409 1435 in
425 1406 594 1435 Vesta'ium
619 1406 703 1436 cultu
719 1406 909 1437 adnotando.
925 1407 969 1438 De
984 1407 1042 1437 hac
1065 1416 1097 1437 re
1111 1407 1182 1438 vide
1195 1408 1239 1438 sis
1259 1407 1389 1438 Ln’srvu

254 1447 298 1477 De
320 1447 404 1478 Vest.
429 1449 462 1477 et
483 1447 669 1482 Vestalibus,
694 1457 763 1486 cap.
787 1448 862 1481 XII.

318 1489 364 1527 (2)
380 1489 525 1527 plateas.
549 1489 720 1520 Discrimen
744 1489 861 1519 adnoia
881 1490 965 1520 inter
980 1491 1111 1528 plateas
1132 1491 1166 1520 et
1185 1499 1294 1523 areas.

317 1530 363 1569 (3)
387 1531 546 1560 attonitae
579 1531 669 1569 viryo
699 1531 886 1570 spectabilis
923 1532 1010 1563 Vrbi.
1034 1531 1227 1570 Spectabilis
1257 1532 1387 1569 Hiems„

254 1571 288 1601 et
309 1571 463 1610 plerique;
488 1571 539 1602 sed
562 1572 668 1602 Glsm..
691 1573 912 1612 expectabilis.

317 1613 362 1652 (4)
385 1614 429 1642 ad
449 1622 632 1643 consessum
655 1623 776 1646 caveae.
797 1615 828 1646 Si
851 1623 1010 1644 removeas
1032 1614 1176 1649 ironiam,
1195 1623 1272 1652 qnae
1288 1614 1390 1644 elucet

254 1655 292 1690 in⁸
308 1654 432 1693 phrasi:
450 1655 565 1693 pudor
586 1656 712 1690 almus,
737 1660 860 1686 caetera
882 1657 929 1686 ita
952 1657 1081 1686 obscura
1102 1662 1188 1693 sunt,
1211 1658 1248 1686 ut
1274 1656 1389 1695 Oedipo

253 1696 426 1734 interprete
448 1696 549 1726 adhuc
571 1694 744 1733 indigeant.

317 1737 365 1776 (5)
386 1741 566 1776 mortesque
586 1741 616 1767 et
636 1739 774 1769 vulnera
796 1739 928 1768 vendita
948 1741 1049 1776 pastu
1072 1739 1267 1777 Spectatura
1281 1739 1389 1768 sacris

253 1779 368 1809 oculis.
391 1779 476 1809 Haec
498 1779 740 1818 prudentissima
762 1780 855 1810 verba
876 1781 909 1809 in
930 1780 1009 1810 libro
1031 1790 1049 1809 «
1072 1780 1115 1810 De
1141 1780 1287 1810 Vtilitate
1313 1780 1386 1810 Poe-

253 1820 334 1850 tices
356 1831 372 1847 »
397 1821 471 1859 Cap.
510 1821 563 1860 vl,
594 1830 666 1859 pag.
689 1823 728 1853 97
757 1823 791 1852 et
811 1829 898 1858 seqq.
922 1822 1059 1860 explicat
1079 1822 1201 1856 erudite
1233 1821 1280 1853 10.
1304 1821 1385 1853 Awr.

254 1861 399 1892 anmvs.
417 1876 420 1878 ·
633 1890 638 1895 .

315 1903 361 1942 (6)
383 1912 533 1933 converso
560 1903 676 1942 pollice
703 1905 828 1942 rumpi.
849 1904 885 1934 In
906 1903 1032 1942 pollice,
1064 1904 1115 1941 qui
1145 1904 1262 1941 digitus
1284 1905 1332 1934 est
1353 1904 1386 1934 in

251 1952 345 1974 manu
366 1945 400 1975 et
421 1944 496 1982 pede
517 1945 636 1982 primus
658 1947 691 1974 et
712 1946 858 1981 crassior,
874 1954 893 1975 a
911 1945 1017 1983 polleo,
1034 1954 1078 1982 es,
1097 1946 1289 1984 nominatur,
1306 1945 1386 1982 quod

251 1994 326 2022 prae
357 1987 472 2015 ceteris
504 1986 567 2015 vini
600 1986 706 2023 habet,
731 1987 779 2017 uti
812 1987 1040 2017 animadvertit
1064 1987 1178 2017 Armvs
1210 1987 1327 2017 CAmo
1349 1987 1382 2016 in

252 2027 394 2058 MAcnon.
406 2026 454 2058 311
468 2027 537 2058 Sat.
555 2028 605 2057 12.
621 2028 657 2058 In
673 2028 783 2066 pollice
797 2028 914 2058 favoris
928 2029 1087 2065 studiique
1101 2028 1292 2065 significatio
1302 2029 1385 2064 erat,

251 2070 285 2096 et
298 2069 347 2097 cui
365 2069 505 2099 faverent
518 2070 711 2107 premebant,
723 2070 754 2099 in
768 2071 947 2101 aversantes
958 2070 1212 2107 inculpantosque
1223 2070 1387 2100 vertebant

251 2109 391 2147 pollicem
423 2112 508 2142 retro
539 2111 813 2149 subrigebantque.
848 2111 884 2141 V.
914 2112 1006 2143 PmN.
1040 2111 1262 2144 Munna—xil.
1295 2111 1326 2149 2,
1353 2111 1381 2142 l.
