1566 2482
279 155 329 196 58
659 161 811 192 1111111111
838 160 1042 191 annmn

278 281 360 320 Ista
387 280 508 329 figura
526 290 661 318 manus
679 279 829 317 nostrae
848 278 919 324 est,
941 287 1052 325 quam
1070 286 1146 314 non
1163 275 1276 314 habet
1293 274 1331 313 in
1353 286 1390 313 se

278 333 627 382 Incircumscriptus
654 331 858 371 Dominus:
889 330 954 369 sed
979 329 1119 368 tradita
1144 328 1264 368 forma
1290 329 1361 374 est,

280 387 467 426 Humanis
495 398 589 435 quae
617 388 708 425 nota
733 384 869 424 animis
896 384 1001 422 daret
1026 383 1255 422 intellectum
1270 382 1347 432 (1).

265 439 331 513 (Ut
357 453 421 489 per
447 451 658 488 corpoream
686 439 847 488 speciem
871 438 1077 486 plasmasse
1103 436 1242 475 feratur
1341 436 1417 474 865

281 494 450 542 Corporis
477 493 657 542 effigiem:
689 493 742 532 sic
769 493 826 531 est
850 491 1036 540 plasmata
1061 489 1226 529 vicissim

279 549 388 586 Flatu
416 548 628 596 incorporeo
654 559 712 585 res
740 546 894 593 flabilis,
924 544 998 583 oris
1025 545 1062 582 et
1089 556 1168 582 esse

280 603 410 640 Fertur
437 613 542 649 opus,
571 600 695 639 tenuis
721 612 786 648 per
813 599 910 648 quod
937 598 1149 637 constructa
1175 596 1323 635 refulsit

282 657 412 693 Forma
439 654 601 702 animae,
632 655 743 703 atque
762 653 846 691 rudi
873 652 1013 690 factam
1040 663 1078 690 se
1106 662 1256 689 munere
1284 650 1415 688 sensit.

280 709 319 747 Si
346 719 422 746 non
449 709 507 746 est
532 708 679 746 factura
701 719 836 745 manus
854 717 939 744 caro
958 707 1105 751 nostra;
1137 716 1204 743 nec
1231 703 1304 742 oris
1342 703 1419 742 870

282 763 352 800 Est
379 762 525 799 factura
552 761 693 808 anima,
723 761 817 798 flatu
843 761 880 797 et
907 758 1107 807 spiramine
1135 759 1285 806 coepta3

282 816 401 863 Inque
418 815 540 853 locum
559 815 716 852 deducta
734 813 910 861 aliquem:
927 823 1087 860 namque
1101 822 1208 849 omne
1222 811 1317 860 quod
1330 810 1422 848 hora

282 869 434 907 Natalis
461 869 611 916 profert,
641 868 744 906 locus
772 866 927 915 accipit:
959 867 996 904 et
1022 866 1124 904 locus
1150 865 1249 903 ullus

282 923 388 969 Quod
401 922 566 960 cohibere
580 922 714 970 potest,
727 920 910 959 modicum
924 921 995 966 est,
1008 931 1075 957 nec
1084 919 1124 956 in
1135 918 1264 957 'omnia
1277 917 1417 956 fusum.

283 977 333 1014 Et
352 976 449 1024 quod
475 977 555 1013 tam
573 975 758 1013 modicum
777 975 847 1021 est,
869 975 911 1012 ut
930 974 1030 1011 certa
1048 973 1132 1010 sede
1151 972 1303 1019 locetur,
1344 971 1420 1009 875

282 1030 366 1067 Iam
391 1029 552 1067 titubare
580 1029 715 1077 potest,
747 1029 783 1065 et
810 1027 908 1075 quod
934 1025 1168 1072 titubaverit,
1198 1025 1298 1063 intra

202 1108 214 1120 .
283 1083 469 1121 Naturam
495 1082 579 1121 vitii
606 1083 685 1120 est:
715 1081 890 1120 vitiosum
917 1079 1074 1128 denique
1100 1079 1246 1117 tristem

283 1136 429 1175 Recidit
455 1136 496 1174 in
522 1147 702 1184 poenam:
734 1135 833 1173 Deus
857 1134 927 1172 hoc
949 1133 1043 1172 mihi
1061 1132 1211 1178 credite,
1234 1142 1308 1170 non
1327 1131 1395 1170 est.

283 1191 376 1236 Aut,
409 1189 442 1227 si
468 1189 645 1228 maiestas
673 1189 819 1226 animae
848 1188 918 1234 est,
949 1186 1131 1225 ostendite
1158 1185 1249 1234 quid
1276 1185 1339 1223 sit.

285 1243 389 1290 Quod
411 1243 571 1292 lapsam,
603 1241 988 1291 Christiqueinopem
1015 1251 1113 1278 nova
1142 1238 1267 1288 gratia
1286 1238 1395 1276 inun-

284 1350 442 1399 Spiritus
469 1351 506 1388 et
532 1350 689 1388 Sanctus
717 1348 942 1396 baptismate
968 1346 1210 1386 iustificatam

285 1404 485 1451 Nobilitat‚
516 1403 747 1451 famulaeque
775 1402 900 1449 decus,
931 1402 1029 1450 quod
1055 1400 1186 1447 defuit,
1218 1399 1336 1438 addit.
1404 1418 1407 1420 v

284 1458 388 1504 Quod
414 1458 502 1506 quia
529 1458 740 1505 praestatur
766 1456 922 1503 meritis,
952 1454 1164 1502 meritisque
1193 1454 1367 1502 negatur,

284 1511 454 1550 Absurde
481 1511 596 1549 fertur
624 1511 738 1557 Deus,
769 1511 834 1547 aut
861 1521 948 1557 pars
976 1519 1056 1546 esse
1083 1507 1166 1554 Dei,
1197 1518 1291 1556 quae

286 1564 479 1611 Divinum⁷
497 1575 752 1612 summumque
765 1564 904 1602 bonum
918 1563 961 1600 de
975 1561 1077 1600 fonte
1095 1560 1249 1609 perenni
1269 1560 1326 1609 (2)
1347 1559 1423 1598 885

285 1619 397 1657 Nunc
415 1618 510 1656 bibit
528 1618 716 1666 obsequio,
737 1628 838 1655 nunc
865 1616 988 1664 culpa,
1010 1616 1075 1652 aut
1101 1613 1254 1653 crimine
1277 1613 1421 1662 perdit3

287 1673 335 1710 Et
362 1672 468 1710 modo
497 1671 719 1719 supplicium
745 1669 891 1718 recipit,
921 1669 1028 1708 modo
1054 1668 1171 1706 libera
1197 1667 1331 1706 calcat.

288 1725 437 1763 Miraris
468 1725 525 1774 (3)
543 1736 692 1773 peccare
720 1724 898 1771 animam,
917 1734 1009 1771 quae
1037 1733 1146 1760 carne
1172 1722 1338 1770 coactam

286 1779 422 1817 Sortita
449 1780 507 1817 est
532 1779 700 1816 habitare
729 1779 892 1823 domum,
924 1787 1038 1826 quum
1064 1776 1189 1823 peccet
1217 1775 1254 1813 et
1280 1774 1359 1823 ipse

287 1832 471 1881 Angelus,
500 1832 702 1880 hospitium
729 1831 794 1879 qui
820 1830 939 1868 nescit
964 1829 1066 1867 adire
1092 1828 1272 1867 caducum
1349 1827 1424 1871 890

275 1886 407 1937 ι(3131151
433 1885 609 1924 tabifluae
638 1884 720 1937 (4)?
735 1885 882 1931 Peccat,
901 1883 988 1932 quia
1016 1882 1136 1921 factus
1164 1881 1297 1930 etipse
1326 1882 1396 1928 est,

330 1979 383 2018 (1),
396 1988 480 2010 vers.
502 1978 663 2018 spondaic.

330 2021 375 2060 (2)
400 2022 439 2051 de
461 2021 547 2059 fonte
565 2020 716 2061 perenni.
741 2030 759 2049 «
783 2019 901 2051 Christi
925 2029 954 2050 ».
981 2018 1051 2050 Vet‚
1077 2017 1194 2049 Glossa.
1260 2044 1262 2046 ,

328 2062 373 2101 (3)
394 2064 536 2093 miraris
559 2073 577 2092 «
594 2072 616 2093 .ο
639 2061 883 2093 Homuncionita
904 2071 936 2092 ».
961 2060 1031 2092 Veh.
1056 2059 1178 2091 Glossa.

330 2104 374 2144 (4)
397 2105 455 2144 qui
476 2106 578 2136 nescit
592 2105 686 2136 adire
707 2103 867 2136 caducum
891 2103 1004 2134 Oratis
1019 2101 1189 2140 tabifluae.
1206 2100 1318 2139 Angeli
1332 2099 1426 2132 a-Deo

1219 1290 1314 1343 [aaa
1346 1291 1423 1330 880
