1566 2482
277 147 326 186 16
655 158 807 188 Avannn
834 158 1036 188 annnnzm

274 274 442 313 Terrenis
471 274 601 321 oculis,
632 274 762 312 habitu
790 286 828 312 se
856 274 1046 313 ostendere
1074 276 1221 314 nostro:

274 329 386 376 Saepe
413 329 450 366 et
477 327 517 365 in
544 328 734 376 angelicas
762 328 819 366 vel
846 327 1020 367 mortales
1047 327 1275 367 moderatum
1304 328 1363 378 (1)

273 381 406 420 Induci
434 380 588 429 species,
619 382 729 430 queat
755 382 797 419 ut
825 382 894 420 sub
920 381 1083 430 imagine
1111 381 1226 421 cerni.

273 436 353 473 Hoc
382 435 542 473 Verbum
570 436 640 481 est,
672 434 769 483 quod
795 435 980 474 vibratum
1009 434 1132 474 Patris
1160 446 1220 474 ore
1247 435 1409 485 benigno

271 488 409 526 Sumsit
437 487 497 537 (2)
528 487 695 536 virgineo
722 488 894 537 fragilem
921 489 965 527 de
993 499 1142 537 corpore
1169 489 1339 528 formam.
1358 491 1408 529 50

272 542 365 580 Inde
392 542 513 590 figura
540 542 701 580 hominis
728 542 892 580 nondum
920 543 990 581 sub
1017 553 1141 590 carne,
1172 543 1293 592 Moysi

273 594 439 642 Obiecta,
469 594 627 643 effigiem
655 596 772 634 nostri
800 596 1015 644 signaverat
1042 595 1139 634 oris:

271 649 374 695 Quod
402 649 621 697 quandoque
650 650 749 687 Deus
778 650 889 688 Verbi
917 649 1052 688 virtute
1081 650 1248 688 coactum

270 703 463 741 Sumturus
490 713 636 750 corpus,
667 702 797 741 faciem
824 703 1003 742 referebat
1030 704 1206 741 eamdem.

270 756 341 794 Sed
366 756 492 793 tamen
519 757 556 793 et
583 758 727 794 sentam
753 757 810 804 (3)
831 757 912 795 visa
940 758 996 795 est
1023 756 1142 795 excita
1169 768 1328 795 cremare
1357 758 1406 796 55

241 754 438 904 >Flamma
455 809 601 847 rubum.
624 810 724 848 Deus
751 812 790 847 in
811 810 929 858 spinis
956 809 1137 848 volitabat
1155 810 1289 858 acutis,

258 862 546 910 Vulnificasque
574 874 697 902 comas
726 863 898 902 innoxius
927 863 1028 911 ignis
1056 864 1215 912 agebat:

269 917 378 955 Esset
404 916 447 954 ut
474 916 637 964 exemplo
667 917 726 965 (4)
748 918 847 955 Deus
876 917 1090 965 inlapsurus
1118 917 1159 955 in
1186 918 1290 956 artus

268 969 484 1017 spiniferos:
516 970 668 1007 sudibus
696 981 786 1017 quos
813 971 944 1008 texunt
973 970 1031 1019 (5)
1061 970 1218 1008 crimina
1236 970 1376 1018 densis,

269 1023 318 1060 Et
342 1023 493 1070 peccata
519 1023 629 1061 malis
657 1023 801 1061 hirsuta
829 1023 1013 1062 doloribus
1040 1023 1210 1071 implent.
1353 1026 1404 1064 60
1546 971 1563 1099 4

268 1076 415 1114 Inculto
443 1087 529 1113 nam
558 1076 670 1124 stirpe
697 1077 817 1114 frutex
844 1076 998 1115 vitiosus
1025 1076 1164 1125 iniquis

268 1128 467 1168 Luxuriam
498 1129 557 1181 (6)
573 1129 690 1178 virgis
718 1130 913 1168 inhonesto
928 1130 1111 1169 effundere
1137 1141 1244 1170 succo

267 1239 324 1269 dat
364 1238 544 1276 videndum,
577 1248 669 1276 quam
710 1241 792 1270 esset
825 1241 993 1278 aliquando
1021 1242 1256 1280 assumpturus.
1288 1242 1325 1273 ut
1361 1242 1403 1273 le—

265 1289 371 1318 gemus
392 1281 431 1310 ad
453 1290 483 1311 v.
508 1281 581 1313 309.
605 1282 664 1311 Hie
687 1290 758 1312 vero
782 1283 871 1319 poeta
893 1291 962 1313 cum
984 1282 1140 1312 nonnullis
1162 1283 1319 1315 Ecclesiae
1342 1283 1402 1315 Pa-

266 1322 367 1352 tribus
390 1322 476 1357 facit,
502 1331 576 1360 quos
597 1325 750 1354 memorat
771 1324 881 1354 Es'rlvs
906 1324 1028 1354 Comm.
1053 1324 1085 1354 in
1108 1324 1190 1354 locos
1202 1324 1401 1356 difficillimos

267 1364 365 1395 Exod.
389 1363 536 1400 XXXIII,
563 1364 618 1401 13;
642 1365 682 1395 ad
704 1365 771 1397 Cor.
796 1365 836 1401 X,
861 1367 894 1396 et
915 1367 1026 1403 Ioann,
1048 1366 1132 1396 VIII.
1156 1365 1193 1396 In
1217 1374 1278 1396 uno
1298 1369 1402 1398 autem

266 1405 356 1436 codd.
383 1405 485 1436 Vatic.
508 1406 609 1443 glossa
631 1407 782 1444 quaedam
803 1407 931 1444 legitur.
961 1416 1038 1445 quae
1062 1408 1190 1438 verbum
1211 1409 1403 1447 posteriora

265 1447 513 1478 incarnationem
529 1448 767 1486 interpretatur.
782 1449 889 1486 Neque
899 1449 960 1479 alio
975 1457 1066 1480 sensu
1083 1449 1286 1486 intelligenda
1297 1452 1401 1488 erunt,

266 1497 344 1526 quae
366 1488 457 1527 paulo
471 1489 600 1520 ante-ad
617 1498 646 1522 v.
665 1489 705 1520 30
727 1490 828 1520 tradit
842 1491 880 1520 de
894 1491 1080 1526 Abrahamo.
1099 1498 1238 1528 quaeque
1258 1491 1341 1522 infra
1357 1493 1400 1524 vi·

266 1530 351 1560 debis
374 1530 410 1560 de
432 1531 744 1562 Nabuccodonosorre
759 1541 788 1561 v.
816 1531 888 1562 129.
1477 1532 1489 1561 ί
1552 1538 1566 1566 ἱ,

306 1570 354 1612 (1)
370 1572 584 1602 moderatum.
600 1573 749 1603 Nonnulli
770 1573 896 1610 legunt:
915 1577 1145 1604 memoratum.
1169 1573 1313 1605 ceterum
1334 1584 1399 1606 mo·
1466 1564 1477 1596 s

264 1613 416 1643 demtum
438 1615 487 1644 est
507 1614 546 1644 ab
568 1614 671 1644 activo
692 1615 859 1652 eodemque
880 1615 1023 1646 archaice
1044 1616 1187 1653 moder-o,
1210 1625 1262 1648 as.

307 1654 350 1692 (2)
372 1655 504 1692 sumsit,
527 1656 561 1687 et
586 1655 670 1686 inira
692 1665 723 1686 v.
748 1657 787 1687 54
809 1660 996 1688 sumturus.
1012 1657 1059 1687 Ibi
1091 1657 1181 1694 vulgo
1212 1666 1279 1688 cum
1309 1658 1402 1689 Grsz-

263 1705 336 1727 Lino
358 1697 512 1736 sumpsit,
535 1700 748 1736 sumpturum
773 1700 805 1729 et
826 1699 951 1731 rectius.
976 1699 1014 1731 V.
1029 1698 1161 1730 CELLAR.
1179 1698 1322 1736 Orthogr.
1341 1700 1398 1730 La-

263 1738 331 1768 tina
387 1747 405 1769 a
429 1762 437 1770 .
460 1739 511 1770 23.

304 1761 350 1819 (3')
365 1747 552 1812 {effatam-‚m
575 1780 707 1812 rubum.
730 1781 852 1812 Rubum
875 1782 1015 1812 sentibus
1037 1781 1170 1813 obsitam
1200 1775 1525 1818 Cha-flammina&-

263 1821 320 1857 ΙΙΙ,
344 1822 375 1852 2.
400 1821 505 1851 rubus
527 1821 599 1853 fem.
624 1831 729 1859 gener.
750 1823 787 1854 V.
812 1820 963 1870 Καθημ,
987 1823 1024 1853 V.
1048 1823 1099 1855 31.

306 1869 351 1907 (4)
380 1869 475 1898 Esset
502 1871 540 1898 ut
567 1870 723 1908 ememplo.
755 1870 786 1900 S.
811 1870 988 1901 Gasseonrvs
1011 1870 1146 1900 Mmuvs
1169 1870 1201 1899 in
1227 1871 1263 1902 L.
1290 1871 1398 1903 LVlII

263 1910 373 1940 Moral.
397 1910 472 1949 Cap.
498 1910 548 1946 11.
573 1911 620 1941 ait
641 1911 674 1941 in
696 1912 771 1942 rubo
796 1910 872 1945 κατ’
898 1909 1113 1959 ἀλληγορὶαν
1136 1911 1206 1945 τινὰ
1228 1912 1325 1943 Deum
1346 1913 1397 1945 de-

262 1958 378 1995 notari,
401 1958 453 1994 qui
476 1958 578 1988 carnis
599 1958 752 1990 humanae
774 1959 904 1996 dolores,
928 1962 1015 1997 quasi
1039 1960 1107 1990 rubi
1134 1960 1242 1998 spinas
1263 1961 1399 2000 suscipe-

248 2000 323 2036 ·ret,
347 2007 407 2029 non
430 2001 622 2038 comsumpta
642 2000 852 2031 humanitatis
873 2001 1059 2033 substantia.
1085 2001 1122 2033 V.
1145 2001 1228 2031 infra
1242 2009 1324 2033 vers.
1342 2002 1395 2035 ⁷8.

305 2041 351 2080 (5)
375 2041 515 2071 sudibus
537 2051 617 2080 quos
638 2045 765 2075 texunt.
790 2043 827 2075 V.
847 2040 933 2089 Περὶ
957 2041 1055 2089 Στεφ,
1078 2042 1184 2081 hymn.
1206 2042 1262 2079 XI,
1289 2042 1360 2077 143.

305 2087 357 2129 (6)
388 2088 579 2120 Luxuriam
608 2091 668 2123 etc.
700 2090 807 2122 Glossa
839 2092 954 2122 vetust.
984 2091 1237 2128 abundantiam.
1269 2090 1397 2136 Proprie
