1566 2482
581 134 588 140 ¹
618 172 841 202 Aromzosm
1249 165 1300 203 27

157 290 305 327 Mortua
331 299 424 337 quae
451 289 615 335 fuerant,
645 288 747 336 ipsos
772 299 917 337 quoque
944 289 1127 328 subvehat
1148 291 1270 328 artus.

156 343 260 381 Haec
287 341 363 381 fore
390 354 504 390 quum
531 343 696 380 veterum
720 342 943 382 cecinissent
969 354 1113 392 organa
1145 344 1297 389 vatum3

154 396 235 434 Nos
262 395 394 443 oculis,
423 396 611 443 manibus,
642 407 858 449 congressu,
888 407 992 444 voce,
1021 397 1170 446 loquela
1222 397 1298 435 235

153 449 321 498 Experti,
351 449 503 488 heroum
529 450 682 488 tandem
708 449 960 489 intelleximus
987 461 1072 489 orsa

153 503 380 551 Priscorum,
410 506 447 542 et
474 504 553 542 viso
580 503 770 552 patefacta
796 504 946 542 oracula
975 504 1137 543 Christo.

154 556 258 596 Haec
285 552 490 596 esffiiostra
514 557 634 605 salus,
655 557 941 605 hinovivimus,
959 557 1048 597 hinc
1066 557 1295 596 animamur:

144 610 246 650 *Hoc
261 610 471 658 sequimur3
503 623 706 659 numquam
733 611 897 650 detracto
925 611 1074 650 nomine
1101 611 1184 649 nati

153 664 352 712 -Adpellare
367 665 530 711 Patrem,
547 665 673 703 Patris
691 667 729 703 et
742 665 822 703 sine
836 665 985 703 nomine
999 677 1203 714 numquam
1221 666 1299 704 240

152 718 296 756 Natum
323 728 431 756 nosse
450 719 591 757 Deum:
622 730 826 767 numquam
853 718 929 757 nisi
956 719 1115 757 Sanetus
1139 720 1177 756 et
1201 730 1299 757 unus

152 771 311 819 Spiritus
335 771 498 819 intersit,
529 773 757 821 Natumque,
789 774 1009 821 Patremque
1035 784 1188 811 vocare:

152 825 211 863 Sic
238 826 365 863 tamen
391 826 482 864 haec
509 828 679 864 constare
705 826 794 873 tria,
823 828 867 864 ut
893 838 939 864 ne
967 838 1095 874 separe
1123 826 1237 864 ductu

151 879 240 916 Tres
269 878 427 917 faciam:
458 879 579 918 tribus
607 880 667 918 his
695 879 878 918 subsistat
906 880 971 918 sed
999 881 1100 918 Deus
1127 891 1240 918 unus.

150 932 230 970 Nec
250 933 362 970 Pater
380 932 459 980 ipse
478 935 602 971 autem
621 933 686 981 qui
705 933 846 980 Filius;
869 935 926 980 ut,
948 933 1037 982 quia
1055 934 1198 972 Natum
1219 934 1296 971 245

150 985 294 1024 Scimus
321 986 370 1023 ab
397 986 550 1033 Innato,
581 998 664 1024 vere
693 987 820 1033 Pater,
850 988 888 1025 et
915 989 999 1025 sata
1026 999 1109 1025 vere

151 1039 208 1077 Sit
234 1039 401 1078 soboles:
432 1051 501 1078 nec
530 1040 583 1078 sic
611 1040 758 1089 genitor
785 1040 856 1078 sibi
884 1040 1004 1079 Filius
1030 1041 1124 1089 ipse.

151 1093 335 1141 Perquam
362 1093 559 1132 ridiculum
586 1095 643 1132 est
662 1094 721 1143 (1)
751 1095 788 1132 et
814 1093 936 1141 futile,
958 1096 1070 1132 natus
1098 1096 1140 1132 ut
1159 1105 1202 1132 ex
1229 1105 1293 1140 803

149 1145 372 1191 SivePater
399 1148 511 1186 natus
539 1147 664 1195 fuerit,
696 1148 772 1186 sive
800 1147 879 1196 ipse
907 1150 1055 1196 repente

149 1200 339 1238 Nascendi
365 1212 463 1242 nova
490 1201 678 1248 materies,
710 1213 753 1240 ac
782 1213 820 1239 se
849 1203 950 1240 Deus
977 1202 1075 1240 ultro
1217 1202 1294 1239 250

148 1253 330 1301 Ediderit,
360 1256 562 1303 natumque
590 1255 663 1294 sibi
690 1267 729 1293 se
756 1255 884 1294 fecerit
910 1255 1047 1303 ipsum.

140 1307 234 1349 ml-
243 1306 382 1349 salsum
395 1309 662 1350 <anto-mendax
673 1346 676 1349 ⁴
686 1309 818 1351 divina
844 1309 1220 1358 voeabulafingunt„

147 1360 218 1406 Qui
246 1362 358 1399 Pater
379 1363 450 1409 est,
471 1362 660 1411 gignendo
678 1363 812 1401 Pater:
842 1364 923 1400 tum
950 1363 1083 1411 Filius⁷
1105 1375 1150 1401 ex
1169 1363 1238 1401 hoc

148 1414 279 1462 Filius,
310 1417 458 1454 auctore
485 1416 583 1464 quod
610 1416 760 1466 genitus
789 1418 848 1465 (2)
877 1417 927 1455 sit
955 1418 1066 1455 Patre
1095 1428 1259 1455 summo:

149 1468 321 1507 Summus
348 1471 386 1507 et
412 1469 491 1518 ipse
518 1471 667 1518 tamem
699 1482 767 1509 nec
794 1470 893 1509 enim
922 1471 1058 1516 minor,
1088 1472 1155 1509 aut
1182 1471 1293 1508 Patre

1026 1524 1182 1572 (dispar.
1213 1525 1292 1561 255

149 1575 257 1613 Unde
294 1575 335 1614 in
373 1577 527 1624 utroque
565 1577 685 1625 operis
722 1578 841 1616 forma
882 1577 1084 1617 indiscreta
1112 1578 1189 1626 (3),
1220 1577 1295 1616 nisi
1355 1618 1357 1620 ,

147 1681 233 1721 Vim
260 1682 468 1730 maiestatis
495 1683 644 1722 Patriae
672 1695 873 1732 generosus
902 1685 1054 1724 haberet
1131 1630 1293 1683 [omnem

189 1782 235 1822 (1)
258 1783 423 1822 Perquam
453 1783 650 1815 ridiculum.
675 1784 766 1815 Hunc
798 1794 934 1821 versum,
962 1785 996 1816 et
1018 1784 1071 1823 qui
1093 1785 1293 1823 consequitur

146 1825 289 1855 restituit
310 1825 460 1856 Hnmsws
482 1827 631 1862 quattuor
652 1835 743 1857 m.ss.
767 1827 894 1858 adiutus
912 1827 1089 1859 Vaticanis.
1117 1827 1181 1858 Nos
1209 1827 1292 1857 hunc

145 1866 303 1903 sequimur
325 1875 399 1905 prae
420 1867 564 1905 Weitzio‚
588 1868 641 1905 qui
666 1869 844 1899 istiusmodi
871 1878 994 1900 versum
1016 1871 1088 1907 post
1109 1869 1216 1907 posuit
1242 1869 1293 1898 bis

145 1909 313 1978 {centesimo
327 1917 410 1939 nono
424 1910 457 1940 et
472 1910 719 1951 quadiagesimo,
738 1911 793 1948 qui
810 1911 943 1949 incipit:
962 1922 980 1940 «
996 1911 1068 1942 Sive
1089 1911 1182 1949 pater
1196 1910 1290 1941 natus

166 1949 257 1980 uerit.
271 1951 334 1981 etc.
351 1960 383 1981 ».

188 1991 234 2030 (2)
262 1994 396 2022 auctore
429 1993 515 2032 quod
552 1995 686 2031 yenitns
723 1995 781 2025 sit.
809 1994 930 2027 Vatico.
961 1995 1219 2033 praestantiores.
1249 2013 1292 2019 —

143 2032 298 2064 Hitmsws
319 2034 413 2072 paulo
434 2034 528 2065 aliter
550 2036 584 2066 in
605 2036 859 2067 adnotationibus
880 2037 959 2067 suis.

185 2075 231 2114 (3)
260 2075 455 2112 indiscreta,
484 2077 634 2110 indivisa.
658 2088 676 2107 (ι
700 2078 770 2109 Una
804 2079 944 2117 operatio
972 2078 1134 2117 utriusque
1158 2091 1189 2112 ».
1219 2080 1288 2110 Vet.

146 2115 253 2146 Glossa
275 2118 365 2147 unius
390 2117 548 2149 Vaticani.
