1566 2482
944 0 958 17 „-
982 0 1153 28 farfar-*suffr*
1163 13 1172 19 .

1019 23 1033 30 ²
1075 23 1086 35 c
1094 23 1107 34 *x
1115 26 1119 27 ν
1164 23 1173 30 ·

261 134 312 172 24
645 142 797 171 Avnnnn
824 141 1026 170 Pavonum

262 260 548 307 Latrantemque
575 258 710 297 throno
737 257 830 297 caeli
857 258 1059 306 praeponat
1085 257 1284 296 Anubem?

261 315 380 352 Nemo
409 312 618 359 Cloacinae,
641 313 706 350 aut
732 313 883 360 Eponae
913 310 972 361 (1)
1001 323 1109 359 super
1135 312 1239 350 astra
1265 311 1402 350 deabus

263 368 337 405 Dat
363 366 510 413 solium,
543 365 711 415 quamvis
739 365 875 404 olidam
901 365 1088 413 persolvat
1115 377 1278 404 acerram
1298 365 1373 414 (2),

261 420 529 468 Sacrilegisque
556 420 693 458 molam
722 420 780 467 (3)
808 418 981 457 manibus
1006 418 1159 457 rimetur
1186 421 1222 457 et
1248 420 1347 458 exta.

263 473 420 512 Consule
447 473 593 524 barbati
623 473 681 522 (4)
702 473 942 525 deliramenta
970 472 1161 511 Platonis:
1326 471 1404 510 200

263 527 419 565 Consule
447 528 483 565 et
509 527 676 565 hircosus
696 525 855 576 Cynicus
871 525 929 575 (5)
945 537 1037 574 quos
1066 525 1242 573 somniat,
1264 526 1300 563 et
1314 536 1405 574 quos

262 580 367 618 Texit
393 580 612 619 Aristoteles
638 581 717 618 tota
744 579 925 628 vertigine
953 591 1084 618 nervos
1113 580 1187 628 (6).

261 705 295 735 in
314 704 364 741 in,
381 705 414 736 et
429 705 586 735 interdum
610 705 642 735 in
656 714 696 735 en
712 704 830 735 desinit
850 703 887 736 V.
907 704 1044 734 Pmmvn
1075 704 1195 735 ΜΔιοΒ.
1219 702 1369 741 XXXIII,
1385 703 1405 734 9

265 747 326 787 413
350 747 383 777 et
404 747 501 779 Pnor.
526 747 584 783 ΙΙΙ,
608 747 639 786 9,
664 746 717 776 41.
1148 764 1150 766 -

305 788 350 827 (1)
374 788 546 819 cloacinae
574 790 635 818 aut
670 787 812 826 Eponae.
837 786 983 818 Cloacina
1006 786 1062 817 dea
1087 786 1138 818 est
1160 795 1199 817 ex
1220 785 1404 818 LAcuncr.

265 830 383 870 (Instit.
397 830 426 866 1,
444 830 498 869 20)
514 838 533 860 a
547 830 657 861 Cloaca
667 829 766 867 dicta,
779 829 860 866 quod
875 831 942 860 eius
955 828 1158 859 simulacrum
1166 828 1283 858 Romae
1298 827 1404 859 inclo-

263 881 318 903 aca
326 871 464 902 Maxima
479 872 636 909 repertum
646 870 761 906 fenmt,
776 871 880 908 ibique
891 879 1038 912 proxume
1050 879 1068 900 a
1079 878 1152 907 rege
1165 870 1236 900 Tito
1247 869 1340 900 Tatio
1352 877 1404 908 po-

264 915 361 944 situm
377 915 411 944 et
425 914 653 944 consecratum.
666 912 773 951 Epona
788 921 860 943 vero
878 917 1035 947 asinorum
1051 912 1113 942 suit
1120 912 1194 948 Dea,
1205 911 1404 949 etequorum,

263 954 476 992 stabulonum,
499 956 532 985 et
554 954 735 990 mulionum,
760 956 798 985 ab
823 951 873 986 ὲπὶ
895 960 928 989 et
949 951 1049 996 ὄνοςς
1072 953 1153 992 apud
1175 953 1298 984 veteres
1320 952 1405 984 enim

263 1002 350 1040 prius
373 1002 531 1032 asinorum
553 1010 645 1039 quam
666 1010 813 1038 equorum
828 1008 901 1031 usus
923 1001 1070 1031 invaluit.
1095 1000 1173 1031 Vide
1187 1000 1297 1032 Ivvrma
1315 999 1402 1031 vm.

266 1045 337 1080 157,
354 1052 414 1081 quo
435 1044 468 1073 in
486 1043 565 1079 loco,
581 1044 618 1073 ut
639 1044 740 1074 obiter
763 1051 916 1079 moneam,
941 1043 1102 1081 Eponam,
1118 1051 1179 1072 non
1202 1042 1307 1072 autem
1330 1041 1403 1080 Ipo-

265 1095 343 1115 nam
362 1085 529 1122 legendum
552 1085 698 1116 arbitror.

308 1127 353 1166 (2)
382 1136 534 1158 acerram
572 1126 707 1156 arculam
736 1126 885 1162 turaIem,
922 1124 996 1156 seuw
1010 1125 1180 1162 vasculum,
1207 1124 1239 1154 in
1266 1132 1326 1161 quo
1351 1125 1405 1154 tus

264 1169 424 1207 reponitur
452 1169 485 1198 in
510 1167 607 1199 sacris
631 1168 875 1204 incendendum;
903 1167 941 1197 ab
970 1167 1066 1199 Hebr.
1081 1170 1147 1217 737
1170 1165 1402 1207 (incendit).V.

264 1228 340 1260 Hor.
364 1225 508 1266 Lyricor.
533 1228 591 1264 ΙΙΙ,
616 1229 646 1264 8,
671 1228 702 1259 2.
725 1228 785 1258 Hic
808 1237 976 1274 μετωνυμ.
999 1235 1055 1264 pro
1076 1226 1144 1265 ipso
1166 1226 1248 1257 ture.

307 1275 354 1314 (3)
375 1275 511 1308 molam,
537 1276 573 1307 V.
597 1273 683 1321 Περὶ
708 1273 806 1319 Στεφ,
828 1275 886 1311 ΙΙΙ,
910 1274 1018 1305 29-30.

310 1322 355 1362 (4)
400 1322 533 1352 barbati
573 1323 741 1353 Platonis.
771 1323 874 1353 Barba
907 1322 1158 1361 philosophorum
1191 1321 1253 1352 fuit
1282 1321 1403 1359 insigne

266 1373 358 1403 penes
379 1364 512 1395 Graecos
533 1365 749 1401 Romanosque
763 1364 935 1402 peculiare3
953 1364 1026 1394 hinc
1043 1365 1159 1394 factum
1181 1364 1232 1394 est
1246 1364 1283 1393 ut
1297 1363 1402 1394 Socra-

265 1410 314 1436 tes
337 1404 413 1439 acm?
430 1403 557 1453 ἐξοχὴν
572 1406 723 1444 magister
738 1406 889 1436 barbatus
901 1406 1056 1436 diceretur
1068 1414 1086 1435 a
1099 1406 1213 1435 Pensm
1228 1405 1295 1436 Sat.
1309 1405 1363 1442 IV,
1373 1405 1402 1441 1;

263 1453 433 1484 Aummvs
455 1463 528 1484 vero
549 1454 770 1484 Mancattmvs
793 1453 1017 1492 Imperatorem
1031 1453 1187 1483 lulianum
1210 1453 1243 1482 in
1254 1451 1329 1483 Ber.
1347 1452 1405 1483 Ge-

265 1496 342 1527 star.
355 1495 448 1526 Libro
458 1495 546 1525 XXV
555 1504 738 1531 memorans,
752 1495 804 1532 qui
817 1494 1070 1534 philosophorum
1077 1494 1194 1525 cultum
1203 1494 1405 1531 habitumque

266 1537 459 1574 ostentaret,
489 1538 556 1567 eius
583 1538 709 1567 barbam
736 1537 891 1567 hircinam
918 1537 1074 1567 meminit..
1103 1552 1146 1558 —
1172 1535 1403 1568 deliramenta.

266 1578 458 1616 Quamquam
485 1579 568 1609 enim
596 1579 711 1609 ceteris
736 1579 922 1609 Graecorum
950 1577 1142 1617 philosophis
1167 1577 1325 1616 sapientia
1350 1585 1404 1607 an-

264 1620 402 1650 tistabat
421 1620 576 1658 Socrates,
598 1629 689 1657 quem
711 1620 925 1651 doctissimum
940 1619 1079 1659 appellat
1092 1619 1281 1650 Prudentius
1291 1619 1358 1658 ipse
1371 1619 1405 1649 in

266 1662 303 1693 L.
329 1661 402 1698 1‚30
417 1662 533 1693 Contra
555 1661 784 1700 Symmachum,
801 1662 901 1691 multa
915 1663 1021 1692 tamen
1042 1661 1186 1700 peccavit
1204 1660 1233 1691 si
1255 1661 1321 1690 eius
1335 1659 1404 1692 doc-

266 1703 383 1733 trinam
405 1712 475 1733 cum
497 1703 672 1734 christiana
695 1703 851 1742 sapientia
877 1703 1029 1734 conferas.
1054 1703 1098 1732 De
1119 1702 1178 1732 hac
1203 1710 1237 1733 re
1262 1701 1340 1732 Vide
1369 1700 1404 1736 S,

267 1744 406 1775 Avovsr.
434 1745 478 1775 De
501 1745 639 1775 Civitate
660 1745 716 1775 Dei
741 1745 791 1781 11,
817 1745 868 1774 14.

311 1785 357 1824 (5)
385 1786 535 1816 hircosus
557 1786 710 1824 Cynicus.
734 1786 779 1816 De
798 1785 1050 1824 philosophorum
1065 1785 1163 1821 secta,
1180 1792 1258 1822 quae
1278 1784 1319 1815 ab
1341 1782 1404 1814 Au-

267 1827 407 1858 thistene
428 1827 568 1866 profecta
597 1828 655 1863 est,
687 1828 848 1864 verbisque
871 1827 1066 1864 moribusque
1093 1827 1240 1863 obscena,
1261 1833 1281 1855 a
1301 1825 1405 1856 Tullio

268 1869 462 1906 exagitatur,
485 1869 557 1899 vide
576 1870 621 1899 sis
643 1869 686 1899 De
709 1869 825 1900 Officiis
846 1868 978 1906 XXXV,
1001 1869 1055 1899 41.

311 1911 356 1949 (6)
384 1911 480 1940 Tea-it
502 1911 697 1941 Aristoteles
719 1911 780 1941 etc.
797 1910 983 1941 Aristoteles
1004 1909 1180 1946 Stagirites,
1195 1908 1338 1939 Platonis
1351 1916 1404 1939 au-

252 1951 362 1987 ¹(litor,
380 1952 610 1990 Alexandr-ique
631 1952 791 1989 magister,
808 1952 1082 1991 peripateticorum
1104 1950 1282 1986 institutor,
1297 1950 1405 1980 auctor

268 1994 331 2023 fuit
353 1993 520 2024 disserendi
544 1994 582 2024 de
602 1994 743 2024 omnibus
764 1995 856 2024 rebus
872 1994 903 2023 in
926 1995 1089 2030 utramque
1110 1993 1243 2031 partem.
1259 1991 1405 2023 Pressum

269 2035 303 2065 et
323 2033 437 2065 subtile
458 2036 525 2066 eius
537 2035 659 2067 dicendi
675 2044 772 2073 genus
786 2035 860 2072 suit,
873 2035 954 2072 quod
969 2044 987 2065 a
1001 2034 1193 2065 Tertulliano
1207 2033 1334 2070 dicitur,
1350 2041 1404 2063 vo-

269 2076 375 2108 cabulo
391 2085 446 2107 suo
463 2086 547 2114 usus,
564 2078 648 2107 min
657 2077 869 2116 utiloquiu
878 2087 909 2106 m
929 2077 985 2116 (De
1008 2076 1113 2107 Anim.
1129 2075 1240 2107 amed.
1254 2075 1306 2112 VI,
1333 2073 1404 2114 13).
