1566 2482
291 155 367 193 256
661 164 812 191 1111118111
840 162 1038 192 Pavnsswru

345 272 510 311 Carceris
537 273 575 310 et
600 271 729 319 rimas,
760 272 796 310 et
822 272 942 309 taetra
968 271 1152 311 foramina
1177 273 1296 312 clausi

343 326 534 373 Stercoris,
552 326 589 363 et
602 337 774 373 spurcam
787 324 968 363 redolenti
980 325 1021 363 in
1035 325 1174 366 fornice
1187 326 1333 366 cellam.
1348 328 1423 367 835

344 380 413 418 Sed
441 391 517 417 non
543 378 638 416 illud
664 379 774 416 erunt
801 379 957 417 obscura
984 380 1190 428 ergastula,
1219 381 1316 429 quod
1338 383 1428 420 sunt
1466 379 1474 383 ’

344 432 463 481 Regia
490 433 675 481 gemmato
702 431 891 480 laquearia
918 431 1023 470 fulva
1049 433 1224 472 metallo:

343 488 484 534 Nempe
513 485 635 534 magis
663 497 738 524 non
766 485 859 523 illud
877 487 1000 533 erunt,
1021 486 1084 534 qui
1107 498 1246 525 numen
1264 487 1304 525 in
1323 488 1428 527 urnis

343 541 534 586 Quaerunt
561 551 604 577 ac
636 538 804 585 tumulis,
836 540 873 577 et
898 539 1024 578 larvas
1052 540 1234 589 sanguine
1253 541 1423 589 placant:

313 593 315 596 ’
343 594 446 640 Quod
473 594 562 631 sunt
589 591 653 641 qui
681 603 866 631 summum
898 592 990 630 caeli
1023 593 1222 632 Dominum
1249 606 1428 633 veneran-

1199 645 1290 698 [tur‚
1349 649 1426 687 840

344 700 607 748 Iustitiamque
621 699 736 737 litant
756 697 832 747 (1),
850 699 886 737 et
898 699 1078 747 templum
1091 700 1252 748 pectoris
1271 703 1420 740 ornant.

342 754 528 792 Secretum
555 753 619 791 sed
647 752 790 801 grande
817 751 947 800 nequit
972 752 1131 792 rationis
1158 755 1305 802 opertae

342 806 477 854 Quaeri
504 806 627 853 aliter,
658 817 769 853 quam
797 805 830 844 si
857 806 997 854 sparsis
1025 806 1087 844 via
1113 807 1381 856 multiplicetur

343 860 584 907 Tramitibus,
606 860 642 898 et
669 860 842 898 centenos
868 860 965 897 terat
993 859 1112 898 orbita
1138 860 1266 908 calles,

343 914 563 961 Quaesitura
590 914 709 951 Deum
727 912 873 950 variata
891 912 1026 961 indage
1048 913 1106 962 (2)
1124 913 1317 953 latentem.
1350 915 1426 953 845

343 969 469 1016 Longe
488 966 590 1004 aliud
604 978 732 1004 verum
750 967 830 1004 est:
852 978 940 1004 nam
959 966 1078 1004 multa
1091 968 1251 1016 ambago
1266 968 1424 1014 viarum,

344 1020 550 1059 Anfractus
578 1019 708 1058 dubios
735 1020 862 1067 habet,
891 1021 928 1058 et
954 1020 1162 1068 perplexius
1189 1023 1308 1060 errat:

343 1075 428 1113 Sola
454 1084 573 1112 errore
601 1073 886 1121 caretsimplex
913 1073 990 1119 via,
1016 1073 1142 1111 nescia
1169 1074 1268 1112 flecti

342 1129 389 1166 In
416 1126 696 1173 deverticulum,
726 1126 838 1164 biviis
866 1137 934 1164 nec
962 1126 1132 1174 pluribus
1165 1139 1317 1175 anceps.

342 1182 428 1219 Non
454 1181 580 1218 tamen
607 1179 763 1226 infitior,
795 1178 930 1226 duplex
958 1190 1145 1218 occurrere
1172 1181 1280 1219 nobis
1349 1181 1426 1219 850

343 1235 490 1281 Semper
517 1233 602 1279 iter,
632 1232 792 1281 geminis
820 1232 993 1270 mortalia
1019 1233 1188 1280 partibus
1215 1234 1283 1279 ire,

339 1288 458 1334 Quum
487 1286 676 1332 dubitant,
697 1297 858 1334 quonam
886 1285 981 1324 ferat
1004 1286 1222 1334 ignorantia
1240 1298 1421 1335 gressum.

342 1340 471 1378 Altera
497 1339 683 1377 multifida
711 1340 791 1377 est:
823 1340 863 1377 at
895 1339 1051 1387 simplex
1083 1339 1218 1388 altera,
1248 1342 1285 1379 et
1310 1351 1423 1378 unum

342 1395 427 1432 Una
455 1394 573 1431 Deum
600 1391 789 1441 sequitur:
821 1393 926 1430 divos
953 1393 1043 1431 colit
1068 1393 1190 1432 altera
1217 1393 1356 1442 plures,

339 1448 389 1485 Et
415 1447 471 1484 tot
498 1447 587 1485 sunt
613 1446 693 1484 eius
712 1446 873 1484 divortia
893 1445 967 1495 (3),
990 1447 1079 1494 quot
1096 1447 1315 1494 templorum
1345 1447 1420 1485 855

339 1500 470 1548 Signa,
501 1501 591 1547 quot
618 1498 734 1538 aereis
761 1499 922 1538 volitant
948 1500 1214 1548 phantasmata
1233 1500 1421 1539 monstris,

341 1554 419 1591 Aut
447 1553 514 1591 hos
540 1552 743 1601 thyrsigeri
770 1553 870 1600 rapit
897 1553 944 1590 ad
973 1551 1152 1602 Dionysia
1179 1553 1318 1593 Bacchi
1346 1553 1422 1602 (4);

275 1653 277 1656 .
341 1606 470 1644 Inlicit
496 1608 562 1644 aut
588 1606 682 1644 alios
710 1606 758 1643 ad
789 1606 1002 1644 Saturnalia
1030 1606 1149 1645 festa:

350 1730 394 1768 (1)
419 1730 649 1768 Iustitiamque
671 1729 781 1758 litant,
801 1729 864 1759 Nos
886 1728 1008 1759 italice:
1026 1740 1044 1758 «
1061 1737 1078 1759 e
1100 1729 1230 1767 placano
1252 1738 1307 1759 con
1329 1731 1423 1760 sacri-

288 1772 337 1801 fizi
360 1772 391 1801 la
411 1771 520 1801 divina
548 1771 699 1808 giustizia¹
720 1781 752 1801 ».
785 1770 957 1800 Discrimen
986 1771 1017 1799 in
1046 1773 1183 1801 mentem
1206 1780 1314 1801 revoca
1342 1771 1425 1802 inter

286 1813 437 1849 sacrifico,
460 1814 493 1843 et
512 1812 581 1844 lito.
595 1812 633 1841 V.
651 1811 726 1842 Avs.
743 1812 895 1842 Pomm:
911 1813 960 1842 De
975 1812 1179 1850 Differeneit’s
1199 1812 1376 1843 Verborum
1393 1823 1422 1845 ».

351 1855 396 1893 (2)
419 1855 553 1884 variata
569 1853 700 1892 indaqe.
716 1853 861 1890 lndages,
879 1853 916 1888 is,
933 1862 987 1891 pro
1001 1862 1036 1883 eo
1051 1854 1131 1890 quod
1145 1860 1194 1884 est
1207 1854 1333 1891 indago,
1349 1855 1422 1890 inis,

288 1896 417 1926 florente
438 1895 539 1926 latina
560 1895 668 1931 lingua
690 1903 750 1924 non
773 1895 927 1926 usuvenit.
948 1894 1007 1925 Sed
1030 1896 1100 1925 vide
1115 1904 1220 1928 vocem
1236 1896 1268 1926 in
1283 1896 1423 1928 ctivmo

287 1938 436 1968 MAMERT.
461 1937 542 1967 Stat.
566 1937 679 1967 Am'm.
704 1937 757 1972 22,
779 1936 911 1972 aliisque
933 1937 1060 1966 serioris
1083 1938 1151 1967 aevi
1173 1938 1390 1976 scriptoribus.

350 1979 396 2016 (3)
422 1979 463 2007 Et
483 1980 530 2007 tot
551 1981 631 2008 sunt
651 1978 722 2008 eius
743 1977 898 2008 divortia.
921 1977 1007 2008 Vers.
1031 1979 1189 2016 spondaic.

354 2020 399 2058 (4)
423 2022 491 2050 Aut
512 2021 570 2049 hos
593 2019 771 2058 thyrsiyeri
785 2020 877 2058 rapit
898 2019 942 2049 ad
963 2020 1126 2058 Dionysia
1151 2020 1285 2052 Bacchi.
1309 2020 1423 2057 Re‘ege

289 2070 365 2097 quae
388 2061 424 2091 de
457 2061 613 2099 Dionysiis
646 2061 759 2092 Bacchi
781 2061 998 2092 annotavimus
1019 2062 1051 2091 in
1074 2062 1110 2093 L.
1133 2062 1161 2098 1,
1183 2070 1214 2094 v.
1231 2062 1309 2098 629;
1333 2068 1366 2093 et
1386 2061 1406 2091 d

288 2104 415 2133 Salurn.
442 2103 485 2132 ibi
509 2113 538 2133 v.
563 2103 614 2134 45.
