1566 2482
591 145 876 197 rsrcuomcum
1229 158 1306 199 137

155 273 292 311 Limite
317 272 747 325 progrediensamplum
763 274 1033 325 transfugit-in
1051 277 1192 329 orbem,
1227 280 1304 318 225

154 327 385 375 Pellitosque
414 327 474 376 (1)
503 327 655 370 habitus
684 329 821 368 sumsit
846 330 1072 370 venerabilis
1100 332 1248 380 Adam;

154 381 290 420 Nudus
317 380 453 429 adhuc,
486 381 526 420 ni
554 383 684 421 nostra
709 383 805 422 foret
831 387 1030 433 praecepta
1056 387 1221 425 secutus.

154 434 245 481 Quis
272 446 360 473 nam
388 435 456 474 iste
484 435 628 484 ignotis
656 449 758 476 nunc
786 437 906 477 hostis
935 439 1058 488 surgit
1085 441 1134 479 ab
1161 441 1236 479 oris

152 489 414 536 Importunas,
443 489 560 537 iners,
591 489 738 539 infelix,
770 491 946 540 degener,
977 504 1131 542 amens,

151 542 221 588 Qui
250 542 323 581 sibi
350 545 428 581 tam
450 548 587 582 'serum
623 544 682 583 ius
720 545 904 593 vindicat,
943 547 1128 586 hactenus
1166 549 1304 587 exsul?

150 649 338 688 Nimirum
367 662 505 690 vacuae
532 651 730 690 credentur
756 652 892 691 frivola
921 653 979 704 (2)
1009 654 1148 707 famae,

151 704 253 750 Quae
280 704 435 752 miseros
462 706 590 753 optare
617 705 722 744 iubet
749 706 970 756 quandoque
989 707 1107 747 futuri

148 758 258 805 Spem
286 758 445 798 fortasse
473 759 576 807 boni,
606 759 712 798 lenta
738 763 782 799 ut
809 761 946 800 solatia
974 762 1123 801 mollem

146 811 338 850 Desidiam
365 813 473 861 pigro
500 825 623 852 rerum
651 814 896 854 meditamine
925 814 984 866 (3)
1013 817 1183 865 palpent.

147 864 289 911 Quidni
316 866 401 905 illos
429 878 515 914 spes
542 867 672 915 palpet
698 868 815 916 iners,
846 879 939 917 quos
966 870 1117 917 pulvere
1146 870 1298 975 in[isto

145 971 301 1011 Tirones
329 972 485 1012 Bellona
512 973 609 1012 truci
637 985 713 1013 non
740 975 879 1015 excitat
907 987 1005 1023 aere,

143 1027 389 1075 Imbellesque
416 1028 563 1066 animos
591 1028 712 1067 virtus
740 1030 928 1078 tepefacta
946 1030 1133 1069 resolvit?

143 1082 254 1118 Anne
282 1080 484 1128 pudicitiae
512 1081 678 1130 gelidum
715 1082 816 1122 iecur
846 1083 905 1133 (4)
935 1084 1027 1123 utile
1055 1085 1152 1124 bello
1180 1088 1269 1124 est?

142 1135 205 1172 An
232 1135 401 1173 tenerum
428 1135 582 1183 pietatis
609 1147 703 1184 opus
732 1136 791 1187 (5)
821 1137 981 1176 sudatur
1009 1138 1048 1177 in
1077 1139 1227 1178 armis?

142 1188 261 1234 Quam
287 1188 416 1236 pudet,
447 1199 468 1227 o
496 1190 664 1236 Mavors,
686 1191 724 1228 et
741 1191 862 1230 virtus
881 1192 1046 1240 conscia,
1063 1193 1178 1232 talem
1217 1194 1295 1232 240

143 1241 284 1280 Contra
310 1243 408 1281 stare
437 1242 569 1290 aciem,
600 1243 769 1292 ferroque
795 1244 977 1285 lacessere
1005 1258 1144 1295 nugas,

141 1295 190 1333 Et
217 1307 300 1334 cum
329 1295 510 1345 virgineis
539 1298 708 1336 dextram
735 1299 903 1338 conferre
931 1300 1103 1339 choreis!

142 1349 296 1388 Iustitia
305 1351 376 1397 est,
397 1350 461 1389 ubi
479 1363 624 1400 semper
641 1364 756 1401 egens
775 1354 812 1392 et
830 1365 969 1403 pauper
989 1354 1251 1404 Honestas,(6)
1269 1370 1277 1393 :

205 1474 251 1511 (1)
268 1474 463 1513 pellitosque
476 1485 486 1504 .-
509 1477 595 1506 veste
610 1476 740 1514 pellibus
755 1479 884 1509 consuta
900 1478 1040 1516 membra
1060 1488 1118 1510 sua
1139 1481 1291 1512 contexit.

205 1516 250 1553 (2)
273 1517 434 1546 nimirum
450 1527 570 1547 vamme
586 1519 763 1550 credentur
783 1522 845 1552 etc.
863 1521 962 1551 Bonos
980 1522 1197 1559 modestosque
1213 1531 1291 1552 mor-

142 1556 221 1587 tales
253 1557 405 1595 Superbia
434 1558 569 1590 ludibrio
592 1560 700 1597 habet,
724 1561 778 1599 qui
800 1563 887 1593 certa
909 1571 963 1601 spe
987 1564 1146 1600 tenentur,
1169 1563 1233 1594 fore
1258 1565 1293 1594 ut

142 1599 222 1628 Deus
243 1599 424 1637 quandoque
446 1602 589 1631 omnibus
611 1603 770 1641 prosperis
791 1604 882 1634 rebus
904 1604 974 1635 illos
996 1604 1150 1636 fortunet.

205 1640 251 1678 (3)
275 1641 497 1677 meditamine,
523 1643 742 1675 meditatione.
766 1645 911 1676 Occurrit
934 1654 995 1676 vox
1018 1647 1099 1685 apud
1121 1647 1186 1678 Su„
1203 1647 1289 1677 Irni..

142 1683 298 1715 Punicor.
324 1683 408 1720 VIII,
431 1684 506 1715 326.
976 1696 980 1699 ·

206 1723 253 1762 (4)
271 1725 421 1763 yelidum
443 1727 545 1757 ieeur.
573 1727 649 1757 Vide
673 1726 824 1775 Καθημ,
848 1729 905 1766 ΙΙΙ,
931 1730 1003 1767 190,
1022 1730 1073 1760 ubi
1090 1731 1182 1760 iecur
1203 1731 1293 1760 inco—

140 1771 226 1800 lume
248 1771 390 1809 legimus.

202 1813 248 1852 (5)
265 1815 318 1844 An
336 1818 482 1845 tenerum
490 1817 631 1854 pietatis
646 1826 766 1856 opuS...
780 1818 927 1850 strenuos
943 1819 1098 1857 sortesque
1110 1828 1162 1850 eos
1174 1820 1289 1850 milites

137 1863 215 1892 esse,
238 1856 290 1892 qui
315 1857 346 1885 in
368 1857 465 1887 Deum
487 1859 638 1896 pietatem
660 1860 817 1896 excolunt,
841 1869 898 1892 nos
913 1863 1021 1900 aperte
1043 1862 1134 1892 docet
1155 1862 1290 1892 historia

135 1897 274 1927 Thebeae
286 1898 444 1936 LegioniS,
453 1901 506 1936 qui
518 1900 562 1930 111
574 1901 696 1931 saeculo
705 1902 883 1932 Christiano
899 1904 956 1933 sub
971 1904 1198 1934 Maximiniano
1211 1904 1289 1934 Her-

136 1938 222 1968 culeo
245 1939 284 1969 ad
307 1939 393 1978 alpe³
417 1940 584 1979 Feminae,
607 1942 683 1973 duce
705 1943 736 1974 S.
762 1944 925 1982 Mauritio,
948 1947 1139 1977 meruerunt.

202 1980 250 2019 (6)
274 1981 412 2012 Iustitia
433 1986 493 2020 est,
509 1983 566 2013 ubi
580 1994 707 2023 semper
721 1995 814 2024 eyens
829 1989 859 2015 et
874 1996 1009 2025 pauper
1029 1987 1286 2026 Honestas.,Qui

135 2021 253 2052 iustum
276 2022 500 2062 honestumque
521 2029 706 2063 sequuntur,
722 2029 908 2066 paupertate
930 2030 1081 2067 perpetua
1104 2029 1286 2060 conflictan-

134 2064 198 2096 tur.
222 2064 303 2095 Hinc
326 2065 475 2096 IvvimAL.
493 2067 564 2100 Sat.
582 2067 610 2106 1,
625 2067 666 2100 73
680 2069 850 2107 «probitas
860 2069 1010 2101 laudatur
1026 2072 1059 2101 et
1081 2071 1178 2108 alget.
1203 2082 1220 2099 »
1245 2071 1288 2101 Et

135 2105 353 2142 Pensrvs,Sat.
381 2107 418 2144 V,
444 2108 520 2139 137:
546 2120 563 2138 ⁴<
586 2110 797 2148 Regustatum
824 2111 926 2148 digito
955 2113 1115 2144 terebrare
1148 2113 1284 2143 salinum
