<?xml version="1.0" encoding="UTF-8"?>
<!DOCTYPE html PUBLIC "-//W3C//DTD XHTML 1.0 Transitional//EN"
    "http://www.w3.org/TR/xhtml1/DTD/xhtml1-transitional.dtd">
<html xmlns="http://www.w3.org/1999/xhtml" xml:lang="en" lang="en">
 <head>
  <title>
</title>
<meta http-equiv="Content-Type" content="text/html;charset=utf-8" />
  <meta name='ocr-system' content='tesseract 3.04.00' />
  <meta name='ocr-capabilities' content='ocr_page ocr_carea ocr_par ocr_line ocrx_word'/>
</head>
<body>
  <div class='ocr_page' id='page_1' title='image "./operaprud00pruduoft/operaprud00pruduoft_0224.png"; bbox 0 0 1566 2482; ppageno 0'>
   <div class='ocr_carea' id='block_1_1' title="bbox 266 159 1024 202">
    <p class='ocr_par' dir='ltr' id='par_1_1' title="bbox 266 159 1024 202">
     <span class='ocr_line' id='line_1_1' title="bbox 266 159 1024 202; baseline 0.005 -4"><span class='ocrx_word' id='word_1_1' title='bbox 266 159 344 199; x_wconf 89' lang='grc'>220</span> <span class='ocrx_word' id='word_1_2' title='bbox 644 169 798 200; x_wconf 61' lang='lat' dir='ltr'>Avitum</span> <span class='ocrx_word' id='word_1_3' title='bbox 823 172 1024 202; x_wconf 65' lang='lat' dir='ltr'>Pavonum</span> 
     </span>
    </p>
   </div>
   <div class='ocr_carea' id='block_1_2' title="bbox 307 280 1396 1081">
    <p class='ocr_par' dir='ltr' id='par_1_2' title="bbox 314 280 1269 332">
     <span class='ocr_line' id='line_1_2' title="bbox 314 280 1269 332; baseline 0.003 -12"><span class='ocrx_word' id='word_1_4' title='bbox 314 282 394 320; x_wconf 86' lang='lat' dir='ltr'>Nec</span> <span class='ocrx_word' id='word_1_5' title='bbox 421 280 584 319; x_wconf 88' lang='lat' dir='ltr'>tumidas</span> <span class='ocrx_word' id='word_1_6' title='bbox 610 281 782 320; x_wconf 82' lang='lat' dir='ltr'>fluitante</span> <span class='ocrx_word' id='word_1_7' title='bbox 810 281 898 321; x_wconf 90' lang='lat' dir='ltr'>sinu</span> <span class='ocrx_word' id='word_1_8' title='bbox 924 282 1063 322; x_wconf 84' lang='lat' dir='ltr'>vestita</span> <span class='ocrx_word' id='word_1_9' title='bbox 1090 283 1269 332; x_wconf 80' lang='lat' dir='ltr'>papillas.</span> 
     </span>
    </p>

    <p class='ocr_par' dir='ltr' id='par_1_3' title="bbox 313 334 1396 599">
     <span class='ocr_line' id='line_1_3' title="bbox 314 334 1372 385; baseline 0.005 -12"><span class='ocrx_word' id='word_1_10' title='bbox 314 336 395 373; x_wconf 88' lang='lat' dir='ltr'>Aut</span> <span class='ocrx_word' id='word_1_11' title='bbox 420 346 487 373; x_wconf 87' lang='lat' dir='ltr'>vos</span> <span class='ocrx_word' id='word_1_12' title='bbox 512 334 695 383; x_wconf 89' lang='lat' dir='ltr'>pictorum</span> <span class='ocrx_word' id='word_1_13' title='bbox 723 334 774 383; x_wconf 89' lang='lat'>(1)</span> <span class='ocrx_word' id='word_1_14' title='bbox 804 335 930 375; x_wconf 87' lang='lat' dir='ltr'>docuit</span> <span class='ocrx_word' id='word_1_15' title='bbox 954 347 1105 385; x_wconf 87' lang='lat' dir='ltr'>manus,</span> <span class='ocrx_word' id='word_1_16' title='bbox 1135 338 1372 378; x_wconf 69' lang='lat' dir='ltr'><strong>adsimulatis</strong></span> 
     </span>
     <span class='ocr_line' id='line_1_4' title="bbox 314 389 1396 438; baseline 0.006 -12"><span class='ocrx_word' id='word_1_17' title='bbox 314 389 399 427; x_wconf 90' lang='lat' dir='ltr'>Iure</span> <span class='ocrx_word' id='word_1_18' title='bbox 427 389 619 436; x_wconf 72' lang='lat' dir='ltr'>poetarum</span> <span class='ocrx_word' id='word_1_19' title='bbox 646 400 783 427; x_wconf 89' lang='lat' dir='ltr'>numen</span> <span class='ocrx_word' id='word_1_20' title='bbox 810 400 1028 438; x_wconf 88' lang='lat' dir='ltr'>componere</span> <span class='ocrx_word' id='word_1_21' title='bbox 1045 392 1247 432; x_wconf 77' lang='lat' dir='ltr'><strong>monstris:</strong></span> <span class='ocrx_word' id='word_1_22' title='bbox 1345 393 1396 432; x_wconf 89' lang='lat'>40</span> 
     </span>
     <span class='ocr_line' id='line_1_5' title="bbox 314 442 1273 494; baseline 0.005 -14"><span class='ocrx_word' id='word_1_23' title='bbox 314 444 394 481; x_wconf 91' lang='lat' dir='ltr'>Aut</span> <span class='ocrx_word' id='word_1_24' title='bbox 418 442 542 490; x_wconf 89' lang='lat' dir='ltr'>lepida</span> <span class='ocrx_word' id='word_1_25' title='bbox 569 454 612 481; x_wconf 89' lang='lat' dir='ltr'>ex</span> <span class='ocrx_word' id='word_1_26' title='bbox 638 444 762 481; x_wconf 88' lang='lat' dir='ltr'>vestro</span> <span class='ocrx_word' id='word_1_27' title='bbox 789 444 924 482; x_wconf 79' lang='lat' dir='ltr'><strong>sumsit</strong></span> <span class='ocrx_word' id='word_1_28' title='bbox 949 444 1097 492; x_wconf 77' lang='lat' dir='ltr'>pictura</span> <span class='ocrx_word' id='word_1_29' title='bbox 1123 446 1273 494; x_wconf 85' lang='lat' dir='ltr'>sacello,</span> 
     </span>
     <span class='ocr_line' id='line_1_6' title="bbox 313 495 1247 548; baseline 0.005 -15"><span class='ocrx_word' id='word_1_30' title='bbox 313 495 418 542; x_wconf 80' lang='lat' dir='ltr'>Quod</span> <span class='ocrx_word' id='word_1_31' title='bbox 443 496 559 534; x_wconf 87' lang='lat' dir='ltr'>variis</span> <span class='ocrx_word' id='word_1_32' title='bbox 587 495 734 534; x_wconf 85' lang='lat' dir='ltr'>imitata</span> <span class='ocrx_word' id='word_1_33' title='bbox 761 497 876 544; x_wconf 83' lang='lat' dir='ltr'>notis,</span> <span class='ocrx_word' id='word_1_34' title='bbox 906 508 1062 546; x_wconf 87' lang='lat' dir='ltr'>ceraque</span> <span class='ocrx_word' id='word_1_35' title='bbox 1087 498 1247 548; x_wconf 76' lang='lat' dir='ltr'>liquenti</span> 
     </span>
     <span class='ocr_line' id='line_1_7' title="bbox 313 549 1223 599; baseline 0.005 -12"><span class='ocrx_word' id='word_1_36' title='bbox 313 550 473 588; x_wconf 80' lang='lat' dir='ltr'>Duceret</span> <span class='ocrx_word' id='word_1_37' title='bbox 498 549 539 587; x_wconf 90' lang='lat' dir='ltr'>in</span> <span class='ocrx_word' id='word_1_38' title='bbox 565 549 715 598; x_wconf 87' lang='lat' dir='ltr'>faciem,</span> <span class='ocrx_word' id='word_1_39' title='bbox 745 550 908 599; x_wconf 87' lang='lat' dir='ltr'>sociique</span> <span class='ocrx_word' id='word_1_40' title='bbox 935 552 1116 599; x_wconf 81' lang='lat' dir='ltr'>poematis</span> <span class='ocrx_word' id='word_1_41' title='bbox 1143 555 1223 592; x_wconf 89' lang='lat' dir='ltr'>arte</span> 
     </span>
    </p>

    <p class='ocr_par' dir='ltr' id='par_1_4' title="bbox 312 603 1127 650">
     <span class='ocr_line' id='line_1_8' title="bbox 312 603 1127 650; baseline 0.004 -9"><span class='ocrx_word' id='word_1_42' title='bbox 312 604 451 650; x_wconf 85' lang='lat' dir='ltr'>Aucta,</span> <span class='ocrx_word' id='word_1_43' title='bbox 479 603 654 642; x_wconf 82' lang='lat' dir='ltr'>coloratis</span> <span class='ocrx_word' id='word_1_44' title='bbox 682 603 836 642; x_wconf 81' lang='lat' dir='ltr'>auderet</span> <span class='ocrx_word' id='word_1_45' title='bbox 861 605 986 643; x_wconf 85' lang='lat' dir='ltr'>ludere</span> <span class='ocrx_word' id='word_1_46' title='bbox 1013 605 1127 644; x_wconf 84' lang='lat' dir='ltr'>fucis.</span> 
     </span>
    </p>

    <p class='ocr_par' dir='ltr' id='par_1_5' title="bbox 307 656 1393 1081">
     <span class='ocr_line' id='line_1_9' title="bbox 312 656 1391 707; baseline 0.005 -13"><span class='ocrx_word' id='word_1_47' title='bbox 312 656 371 695; x_wconf 79' lang='lat' dir='ltr'>Sic</span> <span class='ocrx_word' id='word_1_48' title='bbox 393 668 515 695; x_wconf 87' lang='lat' dir='ltr'>unum</span> <span class='ocrx_word' id='word_1_49' title='bbox 541 658 732 696; x_wconf 88' lang='lat' dir='ltr'>sectantur</span> <span class='ocrx_word' id='word_1_50' title='bbox 758 657 844 705; x_wconf 84' lang='lat' dir='ltr'>iter,</span> <span class='ocrx_word' id='word_1_51' title='bbox 863 658 930 697; x_wconf 88' lang='lat' dir='ltr'>sic</span> <span class='ocrx_word' id='word_1_52' title='bbox 956 670 1065 698; x_wconf 86' lang='lat' dir='ltr'>cassa</span> <span class='ocrx_word' id='word_1_53' title='bbox 1092 659 1225 707; x_wconf 82' lang='lat' dir='ltr'>figuris</span> <span class='ocrx_word' id='word_1_54' title='bbox 1341 660 1391 699; x_wconf 88' lang='lat'>45</span> 
     </span>
     <span class='ocr_line' id='line_1_10' title="bbox 311 710 1338 761; baseline 0.003 -13"><span class='ocrx_word' id='word_1_55' title='bbox 311 710 462 748; x_wconf 85' lang='lat' dir='ltr'>Somnia</span> <span class='ocrx_word' id='word_1_56' title='bbox 487 710 704 759; x_wconf 87' lang='lat' dir='ltr'>concipiunt</span> <span class='ocrx_word' id='word_1_57' title='bbox 730 712 767 749; x_wconf 91' lang='lat' dir='ltr'>et</span> <span class='ocrx_word' id='word_1_58' title='bbox 793 711 979 750; x_wconf 86' lang='lat' dir='ltr'>Homerus</span> <span class='ocrx_word' id='word_1_59' title='bbox 1006 713 1043 751; x_wconf 91' lang='lat' dir='ltr'>et</span> <span class='ocrx_word' id='word_1_60' title='bbox 1069 723 1154 751; x_wconf 90' lang='lat' dir='ltr'>acer</span> <span class='ocrx_word' id='word_1_61' title='bbox 1171 712 1338 761; x_wconf 85' lang='lat' dir='ltr'>Apelles,</span> 
     </span>
     <span class='ocr_line' id='line_1_11' title="bbox 311 765 1393 815; baseline 0.003 -13"><span class='ocrx_word' id='word_1_62' title='bbox 311 765 360 802; x_wconf 86' lang='lat' dir='ltr'>Et</span> <span class='ocrx_word' id='word_1_63' title='bbox 387 765 532 810; x_wconf 77' lang='lat' dir='ltr'>Numa3</span> <span class='ocrx_word' id='word_1_64' title='bbox 563 766 836 813; x_wconf 84' lang='lat' dir='ltr'>cognatumque</span> <span class='ocrx_word' id='word_1_65' title='bbox 863 766 1002 804; x_wconf 86' lang='lat' dir='ltr'>malum</span> <span class='ocrx_word' id='word_1_66' title='bbox 1023 766 1072 815; x_wconf 87' lang='grc'>(2)</span> <span class='ocrx_word' id='word_1_67' title='bbox 1091 766 1302 814; x_wconf 81' lang='lat' dir='ltr'>pigmenta,</span> <span class='ocrx_word' id='word_1_68' title='bbox 1323 767 1393 806; x_wconf 84' lang='lat' dir='ltr'>Ca-</span> 
     </span>
     <span class='ocr_line' id='line_1_12' title="bbox 310 817 1389 872; baseline 0.004 -17"><span class='ocrx_word' id='word_1_69' title='bbox 310 817 418 856; x_wconf 89' lang='lat' dir='ltr'>Idola</span> <span class='ocrx_word' id='word_1_70' title='bbox 444 818 624 856; x_wconf 87' lang='lat' dir='ltr'>conflavit</span> <span class='ocrx_word' id='word_1_71' title='bbox 649 817 806 857; x_wconf 86' lang='lat' dir='ltr'>fallendi</span> <span class='ocrx_word' id='word_1_72' title='bbox 824 819 925 857; x_wconf 86' lang='lat' dir='ltr'>trina</span> <span class='ocrx_word' id='word_1_73' title='bbox 945 820 994 867; x_wconf 84' lang='lat'>(3)</span> <span class='ocrx_word' id='word_1_74' title='bbox 1014 821 1192 867; x_wconf 86' lang='lat' dir='ltr'>potestas.</span> <span class='ocrx_word' id='word_1_75' title='bbox 1229 819 1389 872; x_wconf 85' lang='lat' dir='ltr'>[menas‚</span> 
     </span>
     <span class='ocr_line' id='line_1_13' title="bbox 311 871 1338 919; baseline 0.005 -11"><span class='ocrx_word' id='word_1_76' title='bbox 311 872 414 910; x_wconf 88' lang='lat' dir='ltr'>Haec</span> <span class='ocrx_word' id='word_1_77' title='bbox 442 871 475 910; x_wconf 91' lang='lat' dir='ltr'>si</span> <span class='ocrx_word' id='word_1_78' title='bbox 503 883 579 910; x_wconf 90' lang='lat' dir='ltr'>non</span> <span class='ocrx_word' id='word_1_79' title='bbox 597 871 661 909; x_wconf 89' lang='lat' dir='ltr'>-ita</span> <span class='ocrx_word' id='word_1_80' title='bbox 688 873 792 919; x_wconf 89' lang='lat' dir='ltr'>sunt,</span> <span class='ocrx_word' id='word_1_81' title='bbox 823 873 969 918; x_wconf 82' lang='lat' dir='ltr'>edatur,</span> <span class='ocrx_word' id='word_1_82' title='bbox 999 885 1066 911; x_wconf 90' lang='lat' dir='ltr'>cur</span> <span class='ocrx_word' id='word_1_83' title='bbox 1093 885 1200 912; x_wconf 89' lang='lat' dir='ltr'>sacra</span> <span class='ocrx_word' id='word_1_84' title='bbox 1233 874 1338 913; x_wconf 84' lang='lat' dir='ltr'>vobis</span> 
     </span>
     <span class='ocr_line' id='line_1_14' title="bbox 309 924 1390 974; baseline 0.003 -12"><span class='ocrx_word' id='word_1_85' title='bbox 309 925 365 962; x_wconf 81' lang='lat' dir='ltr'>Ex</span> <span class='ocrx_word' id='word_1_86' title='bbox 391 925 531 963; x_wconf 85' lang='lat' dir='ltr'>tabulis</span> <span class='ocrx_word' id='word_1_87' title='bbox 558 924 723 973; x_wconf 82' lang='lat' dir='ltr'>cerisque</span> <span class='ocrx_word' id='word_1_88' title='bbox 741 925 886 974; x_wconf 69' lang='lat' dir='ltr'>poetica</span> <span class='ocrx_word' id='word_1_89' title='bbox 912 926 1041 965; x_wconf 75' lang='lat' dir='ltr'>fabula</span> <span class='ocrx_word' id='word_1_90' title='bbox 1054 928 1249 974; x_wconf 81' lang='lat' dir='ltr'>praestat?</span> <span class='ocrx_word' id='word_1_91' title='bbox 1340 928 1390 966; x_wconf 91' lang='lat'>50</span> 
     </span>
     <span class='ocr_line' id='line_1_15' title="bbox 309 978 1354 1028; baseline 0.004 -13"><span class='ocrx_word' id='word_1_92' title='bbox 309 979 381 1016; x_wconf 83' lang='lat' dir='ltr'>Cur</span> <span class='ocrx_word' id='word_1_93' title='bbox 408 978 722 1028; x_wconf 87' lang='lat' dir='ltr'>Berecynthiacus</span> <span class='ocrx_word' id='word_1_94' title='bbox 748 979 871 1027; x_wconf 87' lang='lat' dir='ltr'>perdit</span> <span class='ocrx_word' id='word_1_95' title='bbox 900 981 950 1028; x_wconf 90' lang='lat'>(4)</span> <span class='ocrx_word' id='word_1_96' title='bbox 978 981 1154 1019; x_wconf 89' lang='lat' dir='ltr'>truncata</span> <span class='ocrx_word' id='word_1_97' title='bbox 1181 981 1354 1019; x_wconf 83' lang='lat' dir='ltr'>sacerdos</span> 
     </span>
     <span class='ocr_line' id='line_1_16' title="bbox 307 1032 1389 1081; baseline 0.002 -12"><span class='ocrx_word' id='word_1_98' title='bbox 307 1032 490 1080; x_wconf 83' lang='lat' dir='ltr'>Inguina,</span> <span class='ocrx_word' id='word_1_99' title='bbox 521 1044 633 1081; x_wconf 89' lang='lat' dir='ltr'>quum</span> <span class='ocrx_word' id='word_1_100' title='bbox 652 1033 848 1080; x_wconf 89' lang='lat' dir='ltr'>pulchrum</span> <span class='ocrx_word' id='word_1_101' title='bbox 864 1033 986 1081; x_wconf 78' lang='lat' dir='ltr'>poesis</span> <span class='ocrx_word' id='word_1_102' title='bbox 1004 1034 1224 1073; x_wconf 85' lang='lat' dir='ltr'>castraverit</span> <span class='ocrx_word' id='word_1_103' title='bbox 1251 1034 1389 1072; x_wconf 82' lang='lat' dir='ltr'>Attin?</span> 
     </span>
    </p>
   </div>
   <div class='ocr_carea' id='block_1_3' title="bbox 244 1154 1388 2145">
    <p class='ocr_par' dir='ltr' id='par_1_6' title="bbox 251 1154 1388 1395">
     <span class='ocr_line' id='line_1_17' title="bbox 255 1154 1388 1196; baseline 0.004 -13"><span class='ocrx_word' id='word_1_104' title='bbox 255 1165 272 1183; x_wconf 88' lang='lat'>‹&lt;</span> <span class='ocrx_word' id='word_1_105' title='bbox 296 1154 462 1191; x_wconf 66' lang='lat' dir='ltr'>Cavcmvs,</span> <span class='ocrx_word' id='word_1_106' title='bbox 487 1155 675 1186; x_wconf 80' lang='lat' dir='ltr'>auctoritate</span> <span class='ocrx_word' id='word_1_107' title='bbox 697 1155 796 1187; x_wconf 82' lang='lat' dir='ltr'>fretus</span> <span class='ocrx_word' id='word_1_108' title='bbox 818 1157 957 1186; x_wconf 78' lang='lat' dir='ltr'>veterum</span> <span class='ocrx_word' id='word_1_109' title='bbox 979 1165 1190 1194; x_wconf 84' lang='lat' dir='ltr'>nummorum,</span> <span class='ocrx_word' id='word_1_110' title='bbox 1220 1158 1254 1188; x_wconf 87' lang='lat' dir='ltr'>iu</span> <span class='ocrx_word' id='word_1_111' title='bbox 1276 1158 1388 1196; x_wconf 86' lang='lat' dir='ltr'>quibus</span> 
     </span>
     <span class='ocr_line' id='line_1_18' title="bbox 254 1196 1386 1237; baseline 0.006 -13"><span class='ocrx_word' id='word_1_112' title='bbox 254 1207 271 1224; x_wconf 83' lang='lat'>«</span> <span class='ocrx_word' id='word_1_113' title='bbox 295 1196 436 1227; x_wconf 83' lang='lat' dir='ltr'>Victoria</span> <span class='ocrx_word' id='word_1_114' title='bbox 445 1197 587 1235; x_wconf 86' lang='lat' dir='ltr'>strophio</span> <span class='ocrx_word' id='word_1_115' title='bbox 601 1198 742 1228; x_wconf 81' lang='lat' dir='ltr'>revincta</span> <span class='ocrx_word' id='word_1_116' title='bbox 752 1198 947 1236; x_wconf 77' lang='lat' dir='ltr'>exprimatur</span> <span class='ocrx_word' id='word_1_117' title='bbox 959 1208 990 1229; x_wconf 85' lang='lat'>».</span> <span class='ocrx_word' id='word_1_118' title='bbox 1005 1199 1115 1231; x_wconf 79' lang='lat' dir='ltr'>Notat.</span> <span class='ocrx_word' id='word_1_119' title='bbox 1133 1200 1166 1229; x_wconf 89' lang='lat' dir='ltr'>in</span> <span class='ocrx_word' id='word_1_120' title='bbox 1180 1199 1267 1229; x_wconf 85' lang='lat' dir='ltr'>Libr.</span> <span class='ocrx_word' id='word_1_121' title='bbox 1280 1199 1323 1237; x_wconf 81' lang='grc' dir='ltr'>ΙΙ,</span> <span class='ocrx_word' id='word_1_122' title='bbox 1333 1200 1386 1231; x_wconf 78' lang='grc'>35.</span> 
     </span>
     <span class='ocr_line' id='line_1_19' title="bbox 256 1238 1384 1278; baseline 0.004 -11"><span class='ocrx_word' id='word_1_123' title='bbox 256 1258 261 1260; x_wconf 72' lang='grc'><strong>-</strong></span> <span class='ocrx_word' id='word_1_124' title='bbox 316 1238 362 1278; x_wconf 87' lang='grc'>(1)</span> <span class='ocrx_word' id='word_1_125' title='bbox 385 1239 454 1267; x_wconf 77' lang='lat' dir='ltr'>Aut</span> <span class='ocrx_word' id='word_1_126' title='bbox 475 1247 530 1268; x_wconf 82' lang='lat' dir='ltr'>vos</span> <span class='ocrx_word' id='word_1_127' title='bbox 545 1239 712 1277; x_wconf 78' lang='lat' dir='ltr'>pictorum</span> <span class='ocrx_word' id='word_1_128' title='bbox 727 1262 734 1270; x_wconf 91' lang='lat'><strong>.</strong></span> <span class='ocrx_word' id='word_1_129' title='bbox 751 1261 758 1269; x_wconf 93' lang='lat'>.</span> <span class='ocrx_word' id='word_1_130' title='bbox 775 1262 782 1270; x_wconf 90' lang='lat'><strong>.</strong></span> <span class='ocrx_word' id='word_1_131' title='bbox 808 1239 879 1276; x_wconf 86' lang='lat' dir='ltr'>Vos,</span> <span class='ocrx_word' id='word_1_132' title='bbox 909 1240 1054 1276; x_wconf 82' lang='lat' dir='ltr'>Romani,</span> <span class='ocrx_word' id='word_1_133' title='bbox 1077 1241 1110 1271; x_wconf 90' lang='lat' dir='ltr'>iu</span> <span class='ocrx_word' id='word_1_134' title='bbox 1138 1241 1252 1271; x_wconf 77' lang='lat' dir='ltr'>vestris</span> <span class='ocrx_word' id='word_1_135' title='bbox 1273 1242 1384 1272; x_wconf 87' lang='lat' dir='ltr'>numi—</span> 
     </span>
     <span class='ocr_line' id='line_1_20' title="bbox 253 1279 1388 1321; baseline 0.004 -12"><span class='ocrx_word' id='word_1_136' title='bbox 253 1279 345 1310; x_wconf 86' lang='lat' dir='ltr'>nibus</span> <span class='ocrx_word' id='word_1_137' title='bbox 363 1280 627 1318; x_wconf 74' lang='lat' dir='ltr'>repraesentandis</span> <span class='ocrx_word' id='word_1_138' title='bbox 649 1281 817 1311; x_wconf 84' lang='lat' dir='ltr'>imitandos</span> <span class='ocrx_word' id='word_1_139' title='bbox 845 1281 931 1312; x_wconf 86' lang='lat' dir='ltr'>vobis</span> <span class='ocrx_word' id='word_1_140' title='bbox 955 1282 1090 1319; x_wconf 73' lang='lat' dir='ltr'>pictores</span> <span class='ocrx_word' id='word_1_141' title='bbox 1114 1283 1300 1321; x_wconf 83' lang='lat' dir='ltr'>proponitis,</span> <span class='ocrx_word' id='word_1_142' title='bbox 1331 1283 1388 1314; x_wconf 79' lang='lat' dir='ltr'>aut</span> 
     </span>
     <span class='ocr_line' id='line_1_21' title="bbox 252 1322 1388 1364; baseline 0.003 -13"><span class='ocrx_word' id='word_1_143' title='bbox 252 1322 369 1362; x_wconf 65' lang='lat' dir='ltr'>portas,</span> <span class='ocrx_word' id='word_1_144' title='bbox 388 1322 441 1358; x_wconf 92' lang='lat' dir='ltr'>qui</span> <span class='ocrx_word' id='word_1_145' title='bbox 461 1330 575 1358; x_wconf 82' lang='lat' dir='ltr'>magna</span> <span class='ocrx_word' id='word_1_146' title='bbox 596 1322 791 1360; x_wconf 76' lang='lat' dir='ltr'>excogitandi</span> <span class='ocrx_word' id='word_1_147' title='bbox 814 1323 844 1352; x_wconf 86' lang='lat' dir='ltr'>vi</span> <span class='ocrx_word' id='word_1_148' title='bbox 866 1323 1000 1361; x_wconf 84' lang='lat' dir='ltr'>praediti</span> <span class='ocrx_word' id='word_1_149' title='bbox 1022 1323 1089 1364; x_wconf 86' lang='lat' dir='ltr'>hos,</span> <span class='ocrx_word' id='word_1_150' title='bbox 1106 1323 1234 1361; x_wconf 82' lang='lat' dir='ltr'>illosque</span> <span class='ocrx_word' id='word_1_151' title='bbox 1248 1324 1320 1354; x_wconf 85' lang='lat' dir='ltr'>deos</span> <span class='ocrx_word' id='word_1_152' title='bbox 1333 1333 1388 1363; x_wconf 87' lang='lat' dir='ltr'>per</span> 
     </span>
     <span class='ocr_line' id='line_1_22' title="bbox 251 1363 536 1395; baseline 0.007 -3"><span class='ocrx_word' id='word_1_153' title='bbox 251 1363 358 1393; x_wconf 77' lang='lat' dir='ltr'>ludum</span> <span class='ocrx_word' id='word_1_154' title='bbox 380 1363 536 1395; x_wconf 84' lang='lat' dir='ltr'>effinxere.</span> 
     </span>
    </p>

    <p class='ocr_par' dir='ltr' id='par_1_7' title="bbox 249 1405 1386 1612">
     <span class='ocr_line' id='line_1_23' title="bbox 314 1405 1384 1444; baseline 0.004 -10"><span class='ocrx_word' id='word_1_155' title='bbox 314 1405 360 1444; x_wconf 82' lang='lat'>(2)</span> <span class='ocrx_word' id='word_1_156' title='bbox 383 1408 618 1444; x_wconf 71' lang='lat' dir='ltr'>coynatumque</span> <span class='ocrx_word' id='word_1_157' title='bbox 638 1406 777 1435; x_wconf 76' lang='lat' dir='ltr'>malum.</span> <span class='ocrx_word' id='word_1_158' title='bbox 801 1406 970 1443; x_wconf 80' lang='lat' dir='ltr'>Eleganter</span> <span class='ocrx_word' id='word_1_159' title='bbox 991 1406 1024 1436; x_wconf 86' lang='lat' dir='ltr'>et</span> <span class='ocrx_word' id='word_1_160' title='bbox 1044 1407 1140 1444; x_wconf 84' lang='lat' dir='ltr'>recte,</span> <span class='ocrx_word' id='word_1_161' title='bbox 1164 1407 1209 1437; x_wconf 84' lang='lat' dir='ltr'>uti</span> <span class='ocrx_word' id='word_1_162' title='bbox 1239 1407 1384 1438; x_wconf 78' lang='lat' dir='ltr'>animad-</span> 
     </span>
     <span class='ocr_line' id='line_1_24' title="bbox 251 1447 1384 1486; baseline 0.003 -10"><span class='ocrx_word' id='word_1_163' title='bbox 251 1447 348 1476; x_wconf 84' lang='lat' dir='ltr'>vertit</span> <span class='ocrx_word' id='word_1_164' title='bbox 368 1447 523 1477; x_wconf 72' lang='lat' dir='ltr'>Tasomvs</span> <span class='ocrx_word' id='word_1_165' title='bbox 544 1448 661 1483; x_wconf 80' lang='lat' dir='ltr'>nostor,</span> <span class='ocrx_word' id='word_1_166' title='bbox 677 1448 839 1486; x_wconf 77' lang='lat' dir='ltr'>pigmenta</span> <span class='ocrx_word' id='word_1_167' title='bbox 853 1448 968 1478; x_wconf 80' lang='lat' dir='ltr'>malum</span> <span class='ocrx_word' id='word_1_168' title='bbox 982 1450 1148 1484; x_wconf 78' lang='lat' dir='ltr'>cognatum</span> <span class='ocrx_word' id='word_1_169' title='bbox 1162 1448 1384 1480; x_wconf 81' lang='lat' dir='ltr'>Camoenarum</span> 
     </span>
     <span class='ocr_line' id='line_1_25' title="bbox 251 1488 1386 1526; baseline 0.003 -9"><span class='ocrx_word' id='word_1_170' title='bbox 251 1497 269 1517; x_wconf 88' lang='lat' dir='ltr'>a</span> <span class='ocrx_word' id='word_1_171' title='bbox 285 1488 397 1525; x_wconf 86' lang='lat' dir='ltr'>quibus</span> <span class='ocrx_word' id='word_1_172' title='bbox 412 1490 505 1526; x_wconf 77' lang='lat' dir='ltr'>poeta</span> <span class='ocrx_word' id='word_1_173' title='bbox 519 1489 677 1519; x_wconf 83' lang='lat' dir='ltr'>inducitur</span> <span class='ocrx_word' id='word_1_174' title='bbox 697 1490 779 1520; x_wconf 76' lang='lat' dir='ltr'>inter</span> <span class='ocrx_word' id='word_1_175' title='bbox 799 1490 982 1521; x_wconf 82' lang='lat' dir='ltr'>canendum.</span> <span class='ocrx_word' id='word_1_176' title='bbox 1005 1490 1310 1521; x_wconf 67' lang='lat' dir='ltr'>anuncnvs=de</span> <span class='ocrx_word' id='word_1_177' title='bbox 1331 1499 1386 1521; x_wconf 82' lang='lat' dir='ltr'>au-</span> 
     </span>
     <span class='ocr_line' id='line_1_26' title="bbox 249 1530 1383 1570; baseline 0.003 -11"><span class='ocrx_word' id='word_1_178' title='bbox 249 1530 369 1560; x_wconf 84' lang='lat' dir='ltr'>diendis</span> <span class='ocrx_word' id='word_1_179' title='bbox 380 1530 478 1568; x_wconf 71' lang='lat' dir='ltr'>poetis</span> <span class='ocrx_word' id='word_1_180' title='bbox 489 1530 642 1561; x_wconf 80' lang='lat' dir='ltr'>disserens</span> <span class='ocrx_word' id='word_1_181' title='bbox 651 1531 768 1561; x_wconf 77' lang='lat' dir='ltr'>statuit</span> <span class='ocrx_word' id='word_1_182' title='bbox 781 1532 935 1569; x_wconf 67' lang='lat' dir='ltr'>poeticam</span> <span class='ocrx_word' id='word_1_183' title='bbox 947 1539 1012 1562; x_wconf 83' lang='lat' dir='ltr'>esse</span> <span class='ocrx_word' id='word_1_184' title='bbox 1025 1531 1203 1568; x_wconf 83' lang='lat' dir='ltr'>loquentem</span> <span class='ocrx_word' id='word_1_185' title='bbox 1216 1532 1383 1570; x_wconf 83' lang='lat' dir='ltr'>picturam,</span> 
     </span>
     <span class='ocr_line' id='line_1_27' title="bbox 250 1572 1372 1612; baseline 0.004 -11"><span class='ocrx_word' id='word_1_186' title='bbox 250 1572 406 1609; x_wconf 83' lang='lat' dir='ltr'>picturam</span> <span class='ocrx_word' id='word_1_187' title='bbox 430 1580 500 1602; x_wconf 87' lang='lat' dir='ltr'>vero</span> <span class='ocrx_word' id='word_1_188' title='bbox 522 1573 641 1602; x_wconf 84' lang='lat' dir='ltr'>mutam</span> <span class='ocrx_word' id='word_1_189' title='bbox 662 1574 828 1610; x_wconf 74' lang='lat' dir='ltr'>poeticam.</span> <span class='ocrx_word' id='word_1_190' title='bbox 852 1573 887 1603; x_wconf 92' lang='lat' dir='ltr'>V.</span> <span class='ocrx_word' id='word_1_191' title='bbox 912 1573 993 1603; x_wconf 76' lang='lat' dir='ltr'>Hoa.</span> <span class='ocrx_word' id='word_1_192' title='bbox 1016 1572 1079 1612; x_wconf 82' lang='lat' dir='ltr'>Ep.</span> <span class='ocrx_word' id='word_1_193' title='bbox 1102 1574 1146 1604; x_wconf 83' lang='lat' dir='ltr'>ad</span> <span class='ocrx_word' id='word_1_194' title='bbox 1166 1574 1282 1606; x_wconf 74' lang='lat' dir='ltr'>Pison.</span> <span class='ocrx_word' id='word_1_195' title='bbox 1300 1573 1372 1606; x_wconf 82' lang='lat'><strong>361.</strong></span> 
     </span>
    </p>

    <p class='ocr_par' dir='ltr' id='par_1_8' title="bbox 312 1612 1218 1654">
     <span class='ocr_line' id='line_1_28' title="bbox 312 1612 1218 1654; baseline 0.003 -10"><span class='ocrx_word' id='word_1_196' title='bbox 312 1612 361 1653; x_wconf 81' lang='lat'>(3)</span> <span class='ocrx_word' id='word_1_197' title='bbox 384 1613 654 1652; x_wconf 75' lang='lat' dir='ltr'>trc‘na.potestas,</span> <span class='ocrx_word' id='word_1_198' title='bbox 678 1614 789 1645; x_wconf 70' lang='lat' dir='ltr'>Huius.</span> <span class='ocrx_word' id='word_1_199' title='bbox 814 1615 931 1650; x_wconf 54' lang='lat' dir='ltr'>(ansam,</span> <span class='ocrx_word' id='word_1_200' title='bbox 954 1615 1046 1645; x_wconf 78' lang='lat' dir='ltr'>docta</span> <span class='ocrx_word' id='word_1_201' title='bbox 1062 1618 1218 1654; x_wconf 73' lang='lat' dir='ltr'>potestas.</span> 
     </span>
    </p>

    <p class='ocr_par' dir='ltr' id='par_1_9' title="bbox 244 1655 1384 2145">
     <span class='ocr_line' id='line_1_29' title="bbox 250 1655 1383 1696; baseline 0.002 -9"><span class='ocrx_word' id='word_1_202' title='bbox 250 1683 252 1687; x_wconf 83' lang='lat'><em>.</em></span> <span class='ocrx_word' id='word_1_203' title='bbox 312 1655 357 1693; x_wconf 89' lang='grc'>(4)</span> <span class='ocrx_word' id='word_1_204' title='bbox 382 1655 451 1685; x_wconf 79' lang='lat' dir='ltr'>Gur</span> <span class='ocrx_word' id='word_1_205' title='bbox 465 1656 740 1693; x_wconf 77' lang='lat' dir='ltr'>Berecynthiacus</span> <span class='ocrx_word' id='word_1_206' title='bbox 749 1656 862 1695; x_wconf 76' lang='lat' dir='ltr'>perdit</span> <span class='ocrx_word' id='word_1_207' title='bbox 876 1659 1031 1686; x_wconf 77' lang='lat' dir='ltr'>truncata</span> <span class='ocrx_word' id='word_1_208' title='bbox 1042 1658 1191 1688; x_wconf 76' lang='lat' dir='ltr'>sacerdos</span> <span class='ocrx_word' id='word_1_209' title='bbox 1201 1658 1223 1687; x_wconf 89' lang='lat' dir='ltr'><em>I</em></span> <span class='ocrx_word' id='word_1_210' title='bbox 1223 1657 1383 1696; x_wconf 67' lang='lat' dir='ltr'>aquina...</span> 
     </span>
     <span class='ocr_line' id='line_1_30' title="bbox 249 1696 1379 1736; baseline 0.004 -11"><span class='ocrx_word' id='word_1_211' title='bbox 249 1696 300 1725; x_wconf 80' lang='lat' dir='ltr'>Ita</span> <span class='ocrx_word' id='word_1_212' title='bbox 321 1706 389 1726; x_wconf 86' lang='lat' dir='ltr'>cum</span> <span class='ocrx_word' id='word_1_213' title='bbox 412 1697 548 1727; x_wconf 75' lang='lat' dir='ltr'>Tuuomo</span> <span class='ocrx_word' id='word_1_214' title='bbox 570 1698 691 1733; x_wconf 85' lang='lat' dir='ltr'>nostro,</span> <span class='ocrx_word' id='word_1_215' title='bbox 714 1697 820 1729; x_wconf 70' lang='lat' dir='ltr'>G1ser„</span> <span class='ocrx_word' id='word_1_216' title='bbox 851 1700 883 1728; x_wconf 84' lang='lat' dir='ltr'>et</span> <span class='ocrx_word' id='word_1_217' title='bbox 904 1699 1064 1728; x_wconf 75' lang='lat' dir='ltr'>Humsws.</span> <span class='ocrx_word' id='word_1_218' title='bbox 1089 1699 1132 1729; x_wconf 88' lang='lat' dir='ltr'>De</span> <span class='ocrx_word' id='word_1_219' title='bbox 1161 1698 1292 1736; x_wconf 80' lang='lat' dir='ltr'>Cybelo,</span> <span class='ocrx_word' id='word_1_220' title='bbox 1322 1700 1379 1730; x_wconf 78' lang='lat' dir='ltr'>aut</span> 
     </span>
     <span class='ocr_line' id='line_1_31' title="bbox 249 1738 1380 1778; baseline 0.002 -10"><span class='ocrx_word' id='word_1_221' title='bbox 249 1738 381 1776; x_wconf 78' lang='lat' dir='ltr'>Cybebe,</span> <span class='ocrx_word' id='word_1_222' title='bbox 403 1739 533 1769; x_wconf 82' lang='lat' dir='ltr'>Deorum</span> <span class='ocrx_word' id='word_1_223' title='bbox 555 1741 666 1778; x_wconf 72' lang='lat' dir='ltr'>matre,</span> <span class='ocrx_word' id='word_1_224' title='bbox 698 1747 789 1776; x_wconf 86' lang='lat' dir='ltr'>quam</span> <span class='ocrx_word' id='word_1_225' title='bbox 813 1739 941 1770; x_wconf 80' lang='lat' dir='ltr'>eandem</span> <span class='ocrx_word' id='word_1_226' title='bbox 963 1740 1109 1776; x_wconf 79' lang='lat' dir='ltr'>Magnam</span> <span class='ocrx_word' id='word_1_227' title='bbox 1131 1741 1262 1770; x_wconf 79' lang='lat' dir='ltr'>Matrem</span> <span class='ocrx_word' id='word_1_228' title='bbox 1293 1748 1380 1770; x_wconf 80' lang='lat' dir='ltr'>voca·</span> 
     </span>
     <span class='ocr_line' id='line_1_32' title="bbox 250 1781 1384 1820; baseline 0.003 -11"><span class='ocrx_word' id='word_1_229' title='bbox 250 1781 333 1818; x_wconf 85' lang='lat' dir='ltr'>runt,</span> <span class='ocrx_word' id='word_1_230' title='bbox 358 1781 581 1818; x_wconf 84' lang='lat' dir='ltr'>Berecynthias</span> <span class='ocrx_word' id='word_1_231' title='bbox 610 1781 828 1816; x_wconf 77' lang='lat' dir='ltr'>cognominata</span> <span class='ocrx_word' id='word_1_232' title='bbox 849 1783 898 1811; x_wconf 86' lang='lat' dir='ltr'>est</span> <span class='ocrx_word' id='word_1_233' title='bbox 919 1790 938 1812; x_wconf 88' lang='lat' dir='ltr'>a</span> <span class='ocrx_word' id='word_1_234' title='bbox 959 1783 1065 1811; x_wconf 86' lang='lat' dir='ltr'>monte</span> <span class='ocrx_word' id='word_1_235' title='bbox 1086 1782 1120 1811; x_wconf 82' lang='lat' dir='ltr'>et</span> <span class='ocrx_word' id='word_1_236' title='bbox 1140 1781 1250 1820; x_wconf 81' lang='lat' dir='ltr'>oppido</span> <span class='ocrx_word' id='word_1_237' title='bbox 1270 1781 1384 1819; x_wconf 78' lang='lat' dir='ltr'>Cybele</span> 
     </span>
     <span class='ocr_line' id='line_1_33' title="bbox 249 1821 1379 1862; baseline 0.004 -12"><span class='ocrx_word' id='word_1_238' title='bbox 249 1822 279 1850; x_wconf 87' lang='lat' dir='ltr'>in</span> <span class='ocrx_word' id='word_1_239' title='bbox 304 1821 458 1862; x_wconf 76' lang='lat' dir='ltr'>Phrygia3</span> <span class='ocrx_word' id='word_1_240' title='bbox 482 1823 559 1852; x_wconf 85' lang='lat' dir='ltr'>item</span> <span class='ocrx_word' id='word_1_241' title='bbox 581 1822 618 1852; x_wconf 89' lang='lat' dir='ltr'>de</span> <span class='ocrx_word' id='word_1_242' title='bbox 638 1822 748 1852; x_wconf 79' lang='lat' dir='ltr'>Attine</span> <span class='ocrx_word' id='word_1_243' title='bbox 771 1831 863 1860; x_wconf 85' lang='lat' dir='ltr'>puero</span> <span class='ocrx_word' id='word_1_244' title='bbox 885 1824 1045 1861; x_wconf 75' lang='lat' dir='ltr'>spectatae</span> <span class='ocrx_word' id='word_1_245' title='bbox 1060 1823 1302 1860; x_wconf 76' lang='lat' dir='ltr'>pulchritudinis</span> <span class='ocrx_word' id='word_1_246' title='bbox 1323 1823 1379 1861; x_wconf 78' lang='lat' dir='ltr'>Cy·</span> 
     </span>
     <span class='ocr_line' id='line_1_34' title="bbox 249 1863 1379 1903; baseline 0.004 -11"><span class='ocrx_word' id='word_1_247' title='bbox 249 1863 312 1893; x_wconf 75' lang='lat' dir='ltr'>bele</span> <span class='ocrx_word' id='word_1_248' title='bbox 333 1863 479 1894; x_wconf 83' lang='lat' dir='ltr'>adamato</span> <span class='ocrx_word' id='word_1_249' title='bbox 501 1863 572 1894; x_wconf 85' lang='lat' dir='ltr'>vide</span> <span class='ocrx_word' id='word_1_250' title='bbox 587 1864 629 1894; x_wconf 84' lang='lat' dir='ltr'>sis</span> <span class='ocrx_word' id='word_1_251' title='bbox 645 1863 721 1895; x_wconf 83' lang='lat' dir='ltr'>hist.</span> <span class='ocrx_word' id='word_1_252' title='bbox 739 1863 912 1894; x_wconf 69' lang='lat' dir='ltr'>fabularum</span> <span class='ocrx_word' id='word_1_253' title='bbox 935 1866 968 1894; x_wconf 90' lang='lat' dir='ltr'>et</span> <span class='ocrx_word' id='word_1_254' title='bbox 981 1865 1174 1895; x_wconf 70' lang='lat' dir='ltr'>MAcnomun</span> <span class='ocrx_word' id='word_1_255' title='bbox 1195 1864 1306 1903; x_wconf 85' lang='lat' dir='ltr'>Spicil.</span> <span class='ocrx_word' id='word_1_256' title='bbox 1327 1865 1379 1896; x_wconf 89' lang='lat' dir='ltr'>Bi-</span> 
     </span>
     <span class='ocr_line' id='line_1_35' title="bbox 247 1905 1380 1943; baseline 0.003 -10"><span class='ocrx_word' id='word_1_257' title='bbox 247 1905 421 1943; x_wconf 84' lang='lat' dir='ltr'>bliograph.</span> <span class='ocrx_word' id='word_1_258' title='bbox 451 1909 485 1935; x_wconf 86' lang='lat' dir='ltr'>et</span> <span class='ocrx_word' id='word_1_259' title='bbox 511 1906 648 1943; x_wconf 85' lang='lat' dir='ltr'>equitem</span> <span class='ocrx_word' id='word_1_260' title='bbox 676 1905 843 1937; x_wconf 66' lang='lat' dir='ltr'>Fummsc.</span> <span class='ocrx_word' id='word_1_261' title='bbox 876 1906 1049 1935; x_wconf 74' lang='lat' dir='ltr'>Vlcromvn</span> <span class='ocrx_word' id='word_1_262' title='bbox 1071 1906 1131 1938; x_wconf 83' lang='lat' dir='ltr'>vir.</span> <span class='ocrx_word' id='word_1_263' title='bbox 1162 1906 1325 1938; x_wconf 85' lang='lat' dir='ltr'>eruditiss.</span> <span class='ocrx_word' id='word_1_264' title='bbox 1346 1906 1380 1936; x_wconf 87' lang='lat' dir='ltr'>iu</span> 
     </span>
     <span class='ocr_line' id='line_1_36' title="bbox 246 1946 1379 1987; baseline 0.002 -12"><span class='ocrx_word' id='word_1_265' title='bbox 246 1946 472 1984; x_wconf 84' lang='lat' dir='ltr'>disputatione,</span> <span class='ocrx_word' id='word_1_266' title='bbox 486 1947 537 1977; x_wconf 89' lang='lat' dir='ltr'>cui</span> <span class='ocrx_word' id='word_1_267' title='bbox 552 1948 685 1978; x_wconf 83' lang='lat' dir='ltr'>titulus:</span> <span class='ocrx_word' id='word_1_268' title='bbox 708 1959 750 1973; x_wconf 90' lang='lat'><strong><em>=</em></strong></span> <span class='ocrx_word' id='word_1_269' title='bbox 770 1947 833 1977; x_wconf 81' lang='lat' dir='ltr'>Del</span> <span class='ocrx_word' id='word_1_270' title='bbox 854 1947 942 1977; x_wconf 77' lang='lat' dir='ltr'>culto</span> <span class='ocrx_word' id='word_1_271' title='bbox 956 1947 992 1976; x_wconf 79' lang='lat' dir='ltr'>di</span> <span class='ocrx_word' id='word_1_272' title='bbox 1009 1947 1113 1977; x_wconf 79' lang='lat' dir='ltr'>Cibele</span> <span class='ocrx_word' id='word_1_273' title='bbox 1122 1957 1239 1987; x_wconf 75' lang='lat' dir='ltr'>presso</span> <span class='ocrx_word' id='word_1_274' title='bbox 1250 1948 1302 1987; x_wconf 73' lang='grc' dir='ltr'>9Ζί</span> <span class='ocrx_word' id='word_1_275' title='bbox 1321 1957 1379 1977; x_wconf 80' lang='lat' dir='ltr'>an·</span> 
     </span>
     <span class='ocr_line' id='line_1_37' title="bbox 246 1988 1375 2020; baseline 0.003 -4"><span class='ocrx_word' id='word_1_276' title='bbox 246 1988 327 2017; x_wconf 73' lang='lat' dir='ltr'>tiohi</span> <span class='ocrx_word' id='word_1_277' title='bbox 346 1989 442 2019; x_wconf 89' lang='lat' dir='ltr'>Rom.</span> <span class='ocrx_word' id='word_1_278' title='bbox 466 2005 505 2011; x_wconf 92' lang='lat'>—-</span> <span class='ocrx_word' id='word_1_279' title='bbox 526 1988 625 2019; x_wconf 84' lang='lat' dir='ltr'>Roma</span> <span class='ocrx_word' id='word_1_280' title='bbox 650 1989 742 2020; x_wconf 82' lang='lat'>1753.</span> <span class='ocrx_word' id='word_1_281' title='bbox 759 2005 798 2011; x_wconf 91' lang='lat'><em>-</em></span> <span class='ocrx_word' id='word_1_282' title='bbox 815 1989 993 2020; x_wconf 71' lang='lat' dir='ltr'>Gmsmnvs.</span> <span class='ocrx_word' id='word_1_283' title='bbox 1017 1991 1122 2020; x_wconf 84' lang='lat' dir='ltr'>autem</span> <span class='ocrx_word' id='word_1_284' title='bbox 1137 1990 1218 2020; x_wconf 88' lang='lat' dir='ltr'>hunc</span> <span class='ocrx_word' id='word_1_285' title='bbox 1233 1997 1375 2020; x_wconf 81' lang='lat' dir='ltr'>versum:</span> 
     </span>
     <span class='ocr_line' id='line_1_38' title="bbox 245 2030 1378 2069; baseline 0.004 -12"><span class='ocrx_word' id='word_1_286' title='bbox 245 2040 262 2057; x_wconf 89' lang='lat'>«</span> <span class='ocrx_word' id='word_1_287' title='bbox 275 2030 435 2068; x_wconf 67' lang='grc' dir='ltr'>Ῑιιριιὶηα,</span> <span class='ocrx_word' id='word_1_288' title='bbox 453 2040 557 2069; x_wconf 82' lang='lat' dir='ltr'>quum</span> <span class='ocrx_word' id='word_1_289' title='bbox 567 2031 726 2069; x_wconf 78' lang='lat' dir='ltr'>pulcrum</span> <span class='ocrx_word' id='word_1_290' title='bbox 734 2031 856 2069; x_wconf 51' lang='lat' dir='ltr'>poesie,</span> <span class='ocrx_word' id='word_1_291' title='bbox 879 2031 1075 2061; x_wconf 68' lang='lat' dir='ltr'>custo-averit</span> <span class='ocrx_word' id='word_1_292' title='bbox 1095 2031 1203 2061; x_wconf 66' lang='lat' dir='ltr'>Attin.</span> <span class='ocrx_word' id='word_1_293' title='bbox 1217 2041 1236 2060; x_wconf 68' lang='grc' dir='ltr'>ιο</span> <span class='ocrx_word' id='word_1_294' title='bbox 1250 2031 1282 2061; x_wconf 89' lang='lat' dir='ltr'>in</span> <span class='ocrx_word' id='word_1_295' title='bbox 1297 2030 1378 2061; x_wconf 80' lang='lat' dir='ltr'>hunc</span> 
     </span>
     <span class='ocr_line' id='line_1_39' title="bbox 244 2071 1372 2111; baseline 0.003 -12"><span class='ocrx_word' id='word_1_296' title='bbox 244 2071 365 2101; x_wconf 84' lang='lat' dir='ltr'>modum</span> <span class='ocrx_word' id='word_1_297' title='bbox 387 2072 638 2102; x_wconf 84' lang='lat' dir='ltr'>reconcinnavit:</span> <span class='ocrx_word' id='word_1_298' title='bbox 662 2083 680 2101; x_wconf 94' lang='lat'>«</span> <span class='ocrx_word' id='word_1_299' title='bbox 693 2072 852 2111; x_wconf 68' lang='lat' dir='ltr'>Inyniua,</span> <span class='ocrx_word' id='word_1_300' title='bbox 870 2082 972 2111; x_wconf 80' lang='lat' dir='ltr'>quum</span> <span class='ocrx_word' id='word_1_301' title='bbox 988 2073 1128 2111; x_wconf 78' lang='lat' dir='ltr'>pulcher</span> <span class='ocrx_word' id='word_1_302' title='bbox 1141 2082 1174 2103; x_wconf 77' lang='lat' dir='ltr'>se</span> <span class='ocrx_word' id='word_1_303' title='bbox 1194 2082 1226 2103; x_wconf 74' lang='lat' dir='ltr'>se</span> <span class='ocrx_word' id='word_1_304' title='bbox 1247 2075 1372 2103; x_wconf 73' lang='lat' dir='ltr'>castra-</span> 
     </span>
     <span class='ocr_line' id='line_1_40' title="bbox 244 2114 506 2145; baseline 0 -4"><span class='ocrx_word' id='word_1_305' title='bbox 244 2114 328 2142; x_wconf 63' lang='lat' dir='ltr'>verit</span> <span class='ocrx_word' id='word_1_306' title='bbox 357 2114 464 2145; x_wconf 71' lang='lat' dir='ltr'>Attin.</span> <span class='ocrx_word' id='word_1_307' title='bbox 489 2124 506 2142; x_wconf 88' lang='lat'>&gt;›</span> 
     </span>
    </p>
   </div>
   <div class='ocr_carea' id='block_1_4' title="bbox 382 0 1566 274">
    <p class='ocr_par' dir='ltr' id='par_1_10' title="bbox 382 0 1566 274">
     <span class='ocr_line' id='line_1_41' title="bbox 382 0 1566 274; baseline 0.001 -2"><span class='ocrx_word' id='word_1_308' title='bbox 382 0 1566 274; x_wconf 95' lang='lat' dir='ltr'>    </span> 
     </span>
    </p>
   </div>
   <div class='ocr_carea' id='block_1_5' title="bbox 1544 268 1566 298">
    <p class='ocr_par' dir='ltr' id='par_1_11' title="bbox 1544 268 1566 298">
     <span class='ocr_line' id='line_1_42' title="bbox 1544 268 1566 298; baseline 0 2184"><span class='ocrx_word' id='word_1_309' title='bbox 1544 268 1566 298; x_wconf 95' lang='lat' dir='ltr'> </span> 
     </span>
    </p>
   </div>
  </div>
 </body>
</html>
