<?xml version="1.0" encoding="UTF-8"?>
<!DOCTYPE html PUBLIC "-//W3C//DTD XHTML 1.0 Transitional//EN"
    "http://www.w3.org/TR/xhtml1/DTD/xhtml1-transitional.dtd">
<html xmlns="http://www.w3.org/1999/xhtml" xml:lang="en" lang="en">
 <head>
  <title>
</title>
<meta http-equiv="Content-Type" content="text/html;charset=utf-8" />
  <meta name='ocr-system' content='tesseract 3.04.00' />
  <meta name='ocr-capabilities' content='ocr_page ocr_carea ocr_par ocr_line ocrx_word'/>
</head>
<body>
  <div class='ocr_page' id='page_1' title='image "./operaprud00pruduoft_0244.png"; bbox 0 0 1566 2482; ppageno 0'>
   <div class='ocr_carea' id='block_1_1' title="bbox 668 166 1082 219">
    <p class='ocr_par' dir='ltr' id='par_1_1' title="bbox 668 166 1082 219">
     <span class='ocr_line' id='line_1_1' title="bbox 668 166 1082 219; baseline -0.002 0"><span class='ocrx_word' id='word_1_1' title='bbox 668 190 820 219; x_wconf 56' lang='lat' dir='ltr'>Avitum</span> <span class='ocrx_word' id='word_1_2' title='bbox 847 166 1050 219; x_wconf 72' lang='lat' dir='ltr'>anbuu&#39;ni</span> <span class='ocrx_word' id='word_1_3' title='bbox 1078 182 1082 185; x_wconf 84' lang='grc'><strong>’</strong></span> 
     </span>
    </p>
   </div>
   <div class='ocr_carea' id='block_1_2' title="bbox 350 297 1444 351">
    <p class='ocr_par' dir='ltr' id='par_1_2' title="bbox 350 297 1444 351">
     <span class='ocr_line' id='line_1_2' title="bbox 350 297 1444 351; baseline -0.001 -12"><span class='ocrx_word' id='word_1_4' title='bbox 350 301 389 339; x_wconf 87' lang='lat' dir='ltr'>Si</span> <span class='ocrx_word' id='word_1_5' title='bbox 409 311 483 348; x_wconf 87' lang='lat' dir='ltr'>qua</span> <span class='ocrx_word' id='word_1_6' title='bbox 501 299 581 338; x_wconf 85' lang='lat' dir='ltr'>fata</span> <span class='ocrx_word' id='word_1_7' title='bbox 603 298 653 347; x_wconf 93' lang='grc'>(1)</span> <span class='ocrx_word' id='word_1_8' title='bbox 676 298 818 345; x_wconf 83' lang='lat' dir='ltr'>sinant,</span> <span class='ocrx_word' id='word_1_9' title='bbox 839 297 916 336; x_wconf 87' lang='lat' dir='ltr'>iam</span> <span class='ocrx_word' id='word_1_10' title='bbox 933 299 1014 336; x_wconf 82' lang='lat' dir='ltr'>tum</span> <span class='ocrx_word' id='word_1_11' title='bbox 1031 297 1221 346; x_wconf 74' lang='lat' dir='ltr'>tenditque</span> <span class='ocrx_word' id='word_1_12' title='bbox 1240 299 1408 348; x_wconf 83' lang='lat' dir='ltr'>fovetque</span> <span class='ocrx_word' id='word_1_13' title='bbox 1419 314 1444 351; x_wconf 20' lang='lat'>3³</span> 
     </span>
    </p>
   </div>
   <div class='ocr_carea' id='block_1_3' title="bbox 299 351 1430 1149">
    <p class='ocr_par' dir='ltr' id='par_1_3' title="bbox 350 351 1430 508">
     <span class='ocr_line' id='line_1_3' title="bbox 350 351 1204 392; baseline -0.004 0"><span class='ocrx_word' id='word_1_14' title='bbox 350 353 468 392; x_wconf 88' lang='lat' dir='ltr'>Iussit</span> <span class='ocrx_word' id='word_1_15' title='bbox 495 353 682 392; x_wconf 83' lang='lat' dir='ltr'>Romuleis</span> <span class='ocrx_word' id='word_1_16' title='bbox 711 352 898 390; x_wconf 78' lang='lat' dir='ltr'>addictam</span> <span class='ocrx_word' id='word_1_17' title='bbox 925 351 1047 390; x_wconf 86' lang='lat' dir='ltr'>vivere</span> <span class='ocrx_word' id='word_1_18' title='bbox 1075 351 1204 390; x_wconf 81' lang='lat' dir='ltr'>frenis.</span> 
     </span>
     <span class='ocr_line' id='line_1_4' title="bbox 350 404 1430 454; baseline -0.001 -9"><span class='ocrx_word' id='word_1_19' title='bbox 350 407 560 445; x_wconf 84' lang='lat' dir='ltr'>Perfidiane</span> <span class='ocrx_word' id='word_1_20' title='bbox 579 407 687 444; x_wconf 81' lang='lat' dir='ltr'>deum</span> <span class='ocrx_word' id='word_1_21' title='bbox 715 405 932 454; x_wconf 81' lang='lat' dir='ltr'>indigenum</span> <span class='ocrx_word' id='word_1_22' title='bbox 951 404 1011 454; x_wconf 82' lang='lat'>(2)</span> <span class='ocrx_word' id='word_1_23' title='bbox 1031 405 1194 444; x_wconf 83' lang='lat' dir='ltr'>cecidere</span> <span class='ocrx_word' id='word_1_24' title='bbox 1212 406 1270 444; x_wconf 88' lang='lat' dir='ltr'>tot</span> <span class='ocrx_word' id='word_1_25' title='bbox 1287 406 1396 444; x_wconf 84' lang='lat' dir='ltr'>urbes</span> <span class='ocrx_word' id='word_1_26' title='bbox 1412 408 1430 444; x_wconf 75' lang='lat' dir='ltr'>‘x‘</span> 
     </span>
     <span class='ocr_line' id='line_1_5' title="bbox 350 458 1317 508; baseline -0.001 -10"><span class='ocrx_word' id='word_1_27' title='bbox 350 461 639 508; x_wconf 82' lang='lat' dir='ltr'>Destructaeque</span> <span class='ocrx_word' id='word_1_28' title='bbox 667 459 790 497; x_wconf 86' lang='lat' dir='ltr'>iacent</span> <span class='ocrx_word' id='word_1_29' title='bbox 816 458 908 506; x_wconf 86' lang='lat' dir='ltr'>ipsis</span> <span class='ocrx_word' id='word_1_30' title='bbox 935 458 1174 505; x_wconf 74' lang='lat' dir='ltr'>prodentibus</span> <span class='ocrx_word' id='word_1_31' title='bbox 1202 461 1317 497; x_wconf 83' lang='lat' dir='ltr'>arae?</span> 
     </span>
    </p>

    <p class='ocr_par' dir='ltr' id='par_1_4' title="bbox 299 511 1334 668">
     <span class='ocr_line' id='line_1_6' title="bbox 299 511 1236 562; baseline -0.001 -10"><span class='ocrx_word' id='word_1_32' title='bbox 299 514 328 552; x_wconf 93' lang='lat' dir='ltr'>O</span> <span class='ocrx_word' id='word_1_33' title='bbox 358 514 491 562; x_wconf 86' lang='lat' dir='ltr'>pietas,</span> <span class='ocrx_word' id='word_1_34' title='bbox 522 525 542 552; x_wconf 91' lang='grc' dir='ltr'>ο</span> <span class='ocrx_word' id='word_1_35' title='bbox 571 514 701 552; x_wconf 86' lang='lat' dir='ltr'>sancta</span> <span class='ocrx_word' id='word_1_36' title='bbox 728 513 841 550; x_wconf 86' lang='lat' dir='ltr'>fides!</span> <span class='ocrx_word' id='word_1_37' title='bbox 873 511 1039 549; x_wconf 83' lang='lat' dir='ltr'>traduxit</span> <span class='ocrx_word' id='word_1_38' title='bbox 1066 512 1236 551; x_wconf 85' lang='lat' dir='ltr'>alumnos</span> 
     </span>
     <span class='ocr_line' id='line_1_7' title="bbox 351 564 1175 612; baseline -0.005 -6"><span class='ocrx_word' id='word_1_39' title='bbox 351 568 528 606; x_wconf 85' lang='lat' dir='ltr'>Maiestas</span> <span class='ocrx_word' id='word_1_40' title='bbox 557 567 673 605; x_wconf 88' lang='lat' dir='ltr'>infida</span> <span class='ocrx_word' id='word_1_41' title='bbox 699 567 813 612; x_wconf 82' lang='lat' dir='ltr'>locos,</span> <span class='ocrx_word' id='word_1_42' title='bbox 843 566 880 603; x_wconf 89' lang='lat' dir='ltr'>et</span> <span class='ocrx_word' id='word_1_43' title='bbox 906 564 1064 603; x_wconf 86' lang='lat' dir='ltr'>creditur</span> <span class='ocrx_word' id='word_1_44' title='bbox 1091 565 1175 603; x_wconf 86' lang='lat' dir='ltr'>istis</span> 
     </span>
     <span class='ocr_line' id='line_1_8' title="bbox 351 618 1334 668; baseline -0.002 -9"><span class='ocrx_word' id='word_1_45' title='bbox 351 621 592 668; x_wconf 87' lang='lat' dir='ltr'>Numinibus,</span> <span class='ocrx_word' id='word_1_46' title='bbox 622 631 716 668; x_wconf 86' lang='lat' dir='ltr'>quae</span> <span class='ocrx_word' id='word_1_47' title='bbox 743 618 1142 666; x_wconf 80' lang='lat' dir='ltr'>transfugiomeruere</span> <span class='ocrx_word' id='word_1_48' title='bbox 1169 619 1334 657; x_wconf 78' lang='lat' dir='ltr'>sacrari?</span> 
     </span>
    </p>

    <p class='ocr_par' dir='ltr' id='par_1_5' title="bbox 351 672 1428 827">
     <span class='ocr_line' id='line_1_9' title="bbox 351 672 1428 719; baseline -0.005 -6"><span class='ocrx_word' id='word_1_49' title='bbox 351 677 412 713; x_wconf 93' lang='lat' dir='ltr'>An</span> <span class='ocrx_word' id='word_1_50' title='bbox 440 674 557 713; x_wconf 85' lang='lat' dir='ltr'>voluit</span> <span class='ocrx_word' id='word_1_51' title='bbox 585 684 729 712; x_wconf 84' lang='lat' dir='ltr'>servare</span> <span class='ocrx_word' id='word_1_52' title='bbox 758 683 858 718; x_wconf 82' lang='lat' dir='ltr'>suos,</span> <span class='ocrx_word' id='word_1_53' title='bbox 888 673 1100 719; x_wconf 82' lang='lat' dir='ltr'>luctataque</span> <span class='ocrx_word' id='word_1_54' title='bbox 1127 672 1284 710; x_wconf 87' lang='lat' dir='ltr'>multum</span> <span class='ocrx_word' id='word_1_55' title='bbox 1353 673 1428 711; x_wconf 77' lang='lat'>505</span> 
     </span>
     <span class='ocr_line' id='line_1_10' title="bbox 351 725 1226 776; baseline -0.003 -9"><span class='ocrx_word' id='word_1_56' title='bbox 351 728 511 776; x_wconf 83' lang='lat' dir='ltr'>Relligio</span> <span class='ocrx_word' id='word_1_57' title='bbox 539 727 696 766; x_wconf 81' lang='lat' dir='ltr'>infestas</span> <span class='ocrx_word' id='word_1_58' title='bbox 724 725 885 763; x_wconf 82' lang='lat' dir='ltr'>tentavit</span> <span class='ocrx_word' id='word_1_59' title='bbox 912 725 1043 772; x_wconf 88' lang='lat' dir='ltr'>pellere</span> <span class='ocrx_word' id='word_1_60' title='bbox 1066 726 1226 772; x_wconf 82' lang='lat' dir='ltr'>turmas,</span> 
     </span>
     <span class='ocr_line' id='line_1_11' title="bbox 351 777 1244 827; baseline -0.004 -8"><span class='ocrx_word' id='word_1_61' title='bbox 351 781 529 820; x_wconf 87' lang='lat' dir='ltr'>Romanis</span> <span class='ocrx_word' id='word_1_62' title='bbox 558 780 688 819; x_wconf 81' lang='lat' dir='ltr'>obnisa</span> <span class='ocrx_word' id='word_1_63' title='bbox 715 779 866 827; x_wconf 81' lang='lat' dir='ltr'>globis?</span> <span class='ocrx_word' id='word_1_64' title='bbox 895 778 958 816; x_wconf 86' lang='lat' dir='ltr'>sed</span> <span class='ocrx_word' id='word_1_65' title='bbox 985 777 1115 816; x_wconf 83' lang='lat' dir='ltr'>fortior</span> <span class='ocrx_word' id='word_1_66' title='bbox 1141 778 1244 816; x_wconf 89' lang='lat' dir='ltr'>illam</span> 
     </span>
    </p>

    <p class='ocr_par' dir='ltr' id='par_1_6' title="bbox 348 831 1430 1149">
     <span class='ocr_line' id='line_1_12' title="bbox 351 831 1317 880; baseline -0.003 -7"><span class='ocrx_word' id='word_1_67' title='bbox 351 835 480 874; x_wconf 87' lang='lat' dir='ltr'>Virtus</span> <span class='ocrx_word' id='word_1_68' title='bbox 507 834 669 872; x_wconf 86' lang='lat' dir='ltr'>luctifico</span> <span class='ocrx_word' id='word_1_69' title='bbox 696 843 907 880; x_wconf 85' lang='lat' dir='ltr'>camporum</span> <span class='ocrx_word' id='word_1_70' title='bbox 934 831 974 869; x_wconf 92' lang='lat' dir='ltr'>in</span> <span class='ocrx_word' id='word_1_71' title='bbox 1001 831 1149 879; x_wconf 88' lang='lat' dir='ltr'>pulvere</span> <span class='ocrx_word' id='word_1_72' title='bbox 1176 831 1317 880; x_wconf 82' lang='lat' dir='ltr'>fregit?</span> 
     </span>
     <span class='ocr_line' id='line_1_13' title="bbox 349 884 1367 934; baseline -0.003 -8"><span class='ocrx_word' id='word_1_73' title='bbox 349 890 468 926; x_wconf 88' lang='lat' dir='ltr'>Immo</span> <span class='ocrx_word' id='word_1_74' title='bbox 496 888 550 926; x_wconf 87' lang='lat' dir='ltr'>ita</span> <span class='ocrx_word' id='word_1_75' title='bbox 578 888 634 926; x_wconf 83' lang='lat' dir='ltr'>est</span> <span class='ocrx_word' id='word_1_76' title='bbox 663 887 730 934; x_wconf 85' lang='lat'><strong>(3),</strong></span> <span class='ocrx_word' id='word_1_77' title='bbox 761 885 875 923; x_wconf 85' lang='lat' dir='ltr'>armis</span> <span class='ocrx_word' id='word_1_78' title='bbox 903 886 940 923; x_wconf 87' lang='lat' dir='ltr'>et</span> <span class='ocrx_word' id='word_1_79' title='bbox 965 884 1106 923; x_wconf 86' lang='lat' dir='ltr'>viribus</span> <span class='ocrx_word' id='word_1_80' title='bbox 1133 885 1264 933; x_wconf 83' lang='lat' dir='ltr'>indiga</span> <span class='ocrx_word' id='word_1_81' title='bbox 1290 886 1367 924; x_wconf 89' lang='lat' dir='ltr'>veri</span> 
     </span>
     <span class='ocr_line' id='line_1_14' title="bbox 349 938 1430 989; baseline -0.001 -9"><span class='ocrx_word' id='word_1_82' title='bbox 349 943 458 980; x_wconf 84' lang='lat' dir='ltr'>Victa</span> <span class='ocrx_word' id='word_1_83' title='bbox 487 940 699 989; x_wconf 72' lang='lat' dir='ltr'>superstitio</span> <span class='ocrx_word' id='word_1_84' title='bbox 727 941 797 986; x_wconf 82' lang='lat' dir='ltr'>est,</span> <span class='ocrx_word' id='word_1_85' title='bbox 828 940 864 977; x_wconf 85' lang='lat' dir='ltr'>et</span> <span class='ocrx_word' id='word_1_86' title='bbox 886 938 1036 976; x_wconf 83' lang='lat' dir='ltr'>inanem</span> <span class='ocrx_word' id='word_1_87' title='bbox 1064 939 1183 987; x_wconf 83' lang='lat' dir='ltr'>gloria</span> <span class='ocrx_word' id='word_1_88' title='bbox 1209 938 1320 987; x_wconf 80' lang='lat' dir='ltr'>fugit.</span> <span class='ocrx_word' id='word_1_89' title='bbox 1353 939 1430 979; x_wconf 74' lang='lat'>510</span> 
     </span>
     <span class='ocr_line' id='line_1_15' title="bbox 350 991 1310 1044; baseline -0.003 -11"><span class='ocrx_word' id='word_1_90' title='bbox 350 995 419 1033; x_wconf 83' lang='lat' dir='ltr'>Sed</span> <span class='ocrx_word' id='word_1_91' title='bbox 447 1007 513 1033; x_wconf 87' lang='lat' dir='ltr'>nec</span> <span class='ocrx_word' id='word_1_92' title='bbox 543 993 703 1032; x_wconf 87' lang='lat' dir='ltr'>difficilis</span> <span class='ocrx_word' id='word_1_93' title='bbox 730 993 813 1044; x_wconf 85' lang='lat' dir='ltr'>fuit,</span> <span class='ocrx_word' id='word_1_94' title='bbox 845 994 911 1030; x_wconf 85' lang='lat' dir='ltr'>aut</span> <span class='ocrx_word' id='word_1_95' title='bbox 939 991 1031 1030; x_wconf 84' lang='lat' dir='ltr'>satis</span> <span class='ocrx_word' id='word_1_96' title='bbox 1059 993 1176 1030; x_wconf 86' lang='lat' dir='ltr'>ardua</span> <span class='ocrx_word' id='word_1_97' title='bbox 1205 993 1310 1041; x_wconf 86' lang='lat' dir='ltr'>genti</span> 
     </span>
     <span class='ocr_line' id='line_1_16' title="bbox 349 1045 1427 1096; baseline -0.002 -10"><span class='ocrx_word' id='word_1_98' title='bbox 349 1049 471 1087; x_wconf 84' lang='lat' dir='ltr'>Natae</span> <span class='ocrx_word' id='word_1_99' title='bbox 500 1048 548 1086; x_wconf 83' lang='lat' dir='ltr'>ad</span> <span class='ocrx_word' id='word_1_100' title='bbox 566 1047 794 1096; x_wconf 83' lang='lat' dir='ltr'>procinctum</span> <span class='ocrx_word' id='word_1_101' title='bbox 817 1046 875 1095; x_wconf 81' lang='lat'>(4)</span> <span class='ocrx_word' id='word_1_102' title='bbox 895 1045 1065 1092; x_wconf 86' lang='lat' dir='ltr'>victoria,</span> <span class='ocrx_word' id='word_1_103' title='bbox 1087 1045 1258 1094; x_wconf 85' lang='lat' dir='ltr'>frangere</span> <span class='ocrx_word' id='word_1_104' title='bbox 1276 1046 1427 1093; x_wconf 83' lang='lat' dir='ltr'>inertes,</span> 
     </span>
     <span class='ocr_line' id='line_1_17' title="bbox 348 1098 1339 1149; baseline -0.004 -9"><span class='ocrx_word' id='word_1_105' title='bbox 348 1102 549 1149; x_wconf 86' lang='lat' dir='ltr'>Moliiaque</span> <span class='ocrx_word' id='word_1_106' title='bbox 578 1100 817 1148; x_wconf 80' lang='lat' dir='ltr'>omnigenum</span> <span class='ocrx_word' id='word_1_107' title='bbox 846 1099 941 1137; x_wconf 87' lang='lat' dir='ltr'>colla</span> <span class='ocrx_word' id='word_1_108' title='bbox 969 1098 1148 1136; x_wconf 89' lang='lat' dir='ltr'>inclinare</span> <span class='ocrx_word' id='word_1_109' title='bbox 1176 1100 1339 1137; x_wconf 84' lang='lat' dir='ltr'>deorum.</span> 
     </span>
    </p>
   </div>
   <div class='ocr_carea' id='block_1_4' title="bbox 349 1133 1439 1205">
    <p class='ocr_par' dir='ltr' id='par_1_7' title="bbox 349 1133 1439 1205">
     <span class='ocr_line' id='line_1_18' title="bbox 349 1133 1439 1205; baseline -0.004 -11"><span class='ocrx_word' id='word_1_110' title='bbox 349 1157 452 1194; x_wconf 79' lang='lat' dir='ltr'>Tunc</span> <span class='ocrx_word' id='word_1_111' title='bbox 481 1167 564 1193; x_wconf 87' lang='lat' dir='ltr'>cum</span> <span class='ocrx_word' id='word_1_112' title='bbox 593 1154 754 1192; x_wconf 75' lang='lat' dir='ltr'>Dictaeis</span> <span class='ocrx_word' id='word_1_113' title='bbox 783 1153 920 1191; x_wconf 80' lang='lat' dir='ltr'>belluni</span> <span class='ocrx_word' id='word_1_114' title='bbox 949 1152 1220 1201; x_wconf 84' lang='lat' dir='ltr'>Corybantibus</span> <span class='ocrx_word' id='word_1_115' title='bbox 1244 1153 1294 1205; x_wconf 69' lang='lat'>(5)</span> <span class='ocrx_word' id='word_1_116' title='bbox 1324 1133 1439 1200; x_wconf 23' lang='lat' dir='ltr'>asper·</span> 
     </span>
    </p>
   </div>
   <div class='ocr_carea' id='block_1_5' title="bbox 290 1275 1432 2001">
    <p class='ocr_par' dir='ltr' id='par_1_8' title="bbox 297 1275 1430 1352">
     <span class='ocr_line' id='line_1_19' title="bbox 358 1275 1430 1318; baseline -0.002 -9"><span class='ocrx_word' id='word_1_117' title='bbox 358 1279 403 1318; x_wconf 83' lang='lat'>(1)</span> <span class='ocrx_word' id='word_1_118' title='bbox 427 1279 463 1309; x_wconf 71' lang='lat' dir='ltr'>St</span> <span class='ocrx_word' id='word_1_119' title='bbox 484 1288 549 1318; x_wconf 78' lang='lat' dir='ltr'>qna</span> <span class='ocrx_word' id='word_1_120' title='bbox 569 1278 644 1316; x_wconf 80' lang='lat' dir='ltr'>fata</span> <span class='ocrx_word' id='word_1_121' title='bbox 675 1278 789 1307; x_wconf 77' lang='lat' dir='ltr'>sinant</span> <span class='ocrx_word' id='word_1_122' title='bbox 804 1300 812 1307; x_wconf 94' lang='lat'><strong>.</strong></span> <span class='ocrx_word' id='word_1_123' title='bbox 828 1299 834 1306; x_wconf 92' lang='lat'>.</span> <span class='ocrx_word' id='word_1_124' title='bbox 852 1300 859 1307; x_wconf 93' lang='lat'><strong><em>.</em></strong></span> <span class='ocrx_word' id='word_1_125' title='bbox 890 1276 1002 1306; x_wconf 84' lang='lat' dir='ltr'>Versus</span> <span class='ocrx_word' id='word_1_126' title='bbox 1034 1284 1073 1306; x_wconf 84' lang='lat' dir='ltr'>ex</span> <span class='ocrx_word' id='word_1_127' title='bbox 1104 1275 1234 1308; x_wconf 88' lang='lat' dir='ltr'>Aeneid.</span> <span class='ocrx_word' id='word_1_128' title='bbox 1257 1276 1284 1313; x_wconf 88' lang='grc' dir='ltr'>Ι,</span> <span class='ocrx_word' id='word_1_129' title='bbox 1310 1276 1348 1307; x_wconf 89' lang='lat'>18</span> <span class='ocrx_word' id='word_1_130' title='bbox 1370 1276 1430 1307; x_wconf 81' lang='lat' dir='ltr'>huc</span> 
     </span>
     <span class='ocr_line' id='line_1_20' title="bbox 297 1322 471 1352; baseline 0 -1"><span class='ocrx_word' id='word_1_131' title='bbox 297 1322 471 1352; x_wconf 56' lang='lat' dir='ltr'>derivatus</span> 
     </span>
    </p>

    <p class='ocr_par' dir='ltr' id='par_1_9' title="bbox 295 1359 1430 1657">
     <span class='ocr_line' id='line_1_21' title="bbox 358 1359 1428 1402; baseline -0.004 -9"><span class='ocrx_word' id='word_1_132' title='bbox 358 1364 402 1402; x_wconf 84' lang='lat'>(2)</span> <span class='ocrx_word' id='word_1_133' title='bbox 426 1362 614 1399; x_wconf 57' lang='lat' dir='ltr'>Pei-fidicine</span> <span class='ocrx_word' id='word_1_134' title='bbox 628 1361 724 1390; x_wconf 68' lang='lat' dir='ltr'>de&#39;nm</span> <span class='ocrx_word' id='word_1_135' title='bbox 738 1361 942 1399; x_wconf 66' lang='lat' dir='ltr'>indiqenum.</span> <span class='ocrx_word' id='word_1_136' title='bbox 958 1359 1137 1396; x_wconf 78' lang='lat' dir='ltr'>Indigenas,</span> <span class='ocrx_word' id='word_1_137' title='bbox 1152 1359 1190 1389; x_wconf 83' lang='lat' dir='ltr'>ab</span> <span class='ocrx_word' id='word_1_138' title='bbox 1207 1360 1362 1396; x_wconf 76' lang='lat' dir='ltr'>indigena,</span> <span class='ocrx_word' id='word_1_139' title='bbox 1380 1368 1428 1401; x_wconf 76' lang='lat' dir='ltr'>ae,</span> 
     </span>
     <span class='ocr_line' id='line_1_22' title="bbox 296 1401 1427 1443; baseline -0.004 -8"><span class='ocrx_word' id='word_1_140' title='bbox 296 1414 354 1436; x_wconf 82' lang='lat' dir='ltr'>vox</span> <span class='ocrx_word' id='word_1_141' title='bbox 368 1406 417 1435; x_wconf 84' lang='lat' dir='ltr'>est</span> <span class='ocrx_word' id='word_1_142' title='bbox 431 1413 508 1441; x_wconf 80' lang='lat' dir='ltr'>quae</span> <span class='ocrx_word' id='word_1_143' title='bbox 523 1403 644 1433; x_wconf 80' lang='lat' dir='ltr'>indicat</span> <span class='ocrx_word' id='word_1_144' title='bbox 657 1403 798 1439; x_wconf 81' lang='lat' dir='ltr'>genitum</span> <span class='ocrx_word' id='word_1_145' title='bbox 820 1402 986 1439; x_wconf 85' lang='lat' dir='ltr'>quidquam</span> <span class='ocrx_word' id='word_1_146' title='bbox 999 1402 1032 1431; x_wconf 88' lang='lat' dir='ltr'>in</span> <span class='ocrx_word' id='word_1_147' title='bbox 1047 1409 1081 1431; x_wconf 85' lang='lat' dir='ltr'>eo</span> <span class='ocrx_word' id='word_1_148' title='bbox 1091 1401 1169 1438; x_wconf 77' lang='lat' dir='ltr'>loco,</span> <span class='ocrx_word' id='word_1_149' title='bbox 1182 1401 1232 1431; x_wconf 86' lang='lat' dir='ltr'>ubi</span> <span class='ocrx_word' id='word_1_150' title='bbox 1247 1401 1317 1438; x_wconf 85' lang='lat' dir='ltr'>quis</span> <span class='ocrx_word' id='word_1_151' title='bbox 1329 1401 1427 1443; x_wconf 58' lang='lat' dir='ltr'>degit,</span> 
     </span>
     <span class='ocr_line' id='line_1_23' title="bbox 297 1444 1426 1491; baseline -0.004 -7"><span class='ocrx_word' id='word_1_152' title='bbox 297 1461 406 1490; x_wconf 83' lang='lat' dir='ltr'>graece</span> <span class='ocrx_word' id='word_1_153' title='bbox 417 1444 613 1491; x_wconf 76' lang='grc' dir='ltr'>αὐτόχθων.</span> <span class='ocrx_word' id='word_1_154' title='bbox 626 1451 704 1480; x_wconf 87' lang='lat' dir='ltr'>Deos</span> <span class='ocrx_word' id='word_1_155' title='bbox 735 1451 834 1487; x_wconf 80' lang='lat' dir='ltr'>igitur</span> <span class='ocrx_word' id='word_1_156' title='bbox 862 1449 1028 1486; x_wconf 87' lang='lat' dir='ltr'>indigenos</span> <span class='ocrx_word' id='word_1_157' title='bbox 1060 1457 1117 1479; x_wconf 84' lang='lat' dir='ltr'>nos</span> <span class='ocrx_word' id='word_1_158' title='bbox 1149 1448 1322 1480; x_wconf 83' lang='lat' dir='ltr'>diceremus</span> <span class='ocrx_word' id='word_1_159' title='bbox 1354 1448 1426 1479; x_wconf 85' lang='lat' dir='ltr'>deos</span> 
     </span>
     <span class='ocr_line' id='line_1_24' title="bbox 295 1490 1430 1531; baseline -0.004 -7"><span class='ocrx_word' id='word_1_160' title='bbox 295 1494 397 1531; x_wconf 83' lang='lat' dir='ltr'>gentis</span> <span class='ocrx_word' id='word_1_161' title='bbox 418 1494 549 1524; x_wconf 78' lang='lat' dir='ltr'>alicuius</span> <span class='ocrx_word' id='word_1_162' title='bbox 569 1493 727 1531; x_wconf 81' lang='lat' dir='ltr'>p1·oprios;</span> <span class='ocrx_word' id='word_1_163' title='bbox 759 1501 835 1529; x_wconf 90' lang='lat' dir='ltr'>quos</span> <span class='ocrx_word' id='word_1_164' title='bbox 858 1491 987 1529; x_wconf 76' lang='lat' dir='ltr'>popuius</span> <span class='ocrx_word' id='word_1_165' title='bbox 1015 1490 1179 1528; x_wconf 81' lang='lat' dir='ltr'>speciatim</span> <span class='ocrx_word' id='word_1_166' title='bbox 1208 1490 1337 1527; x_wconf 70' lang='lat' dir='ltr'>coleret,</span> <span class='ocrx_word' id='word_1_167' title='bbox 1358 1490 1430 1521; x_wconf 86' lang='lat' dir='ltr'>deos</span> 
     </span>
     <span class='ocr_line' id='line_1_25' title="bbox 296 1532 1423 1573; baseline -0.004 -7"><span class='ocrx_word' id='word_1_168' title='bbox 296 1536 433 1566; x_wconf 76' lang='lat' dir='ltr'>nationis</span> <span class='ocrx_word' id='word_1_169' title='bbox 447 1535 587 1573; x_wconf 74' lang='lat' dir='ltr'>propriae</span> <span class='ocrx_word' id='word_1_170' title='bbox 611 1535 645 1565; x_wconf 86' lang='lat' dir='ltr'>V.</span> <span class='ocrx_word' id='word_1_171' title='bbox 670 1534 766 1564; x_wconf 68' lang='lat' dir='ltr'>Arvn.</span> <span class='ocrx_word' id='word_1_172' title='bbox 788 1533 803 1563; x_wconf 95' lang='lat' dir='ltr'>I</span> <span class='ocrx_word' id='word_1_173' title='bbox 824 1532 1030 1571; x_wconf 85' lang='lat' dir='ltr'>Metamorph.</span> <span class='ocrx_word' id='word_1_174' title='bbox 1057 1533 1166 1562; x_wconf 83' lang='lat' dir='ltr'>Vtrum</span> <span class='ocrx_word' id='word_1_175' title='bbox 1181 1532 1320 1568; x_wconf 83' lang='lat' dir='ltr'>indigeni</span> <span class='ocrx_word' id='word_1_176' title='bbox 1334 1533 1367 1562; x_wconf 84' lang='lat' dir='ltr'>et</span> <span class='ocrx_word' id='word_1_177' title='bbox 1380 1532 1423 1562; x_wconf 90' lang='lat' dir='ltr'>in-</span> 
     </span>
     <span class='ocr_line' id='line_1_26' title="bbox 295 1574 1428 1615; baseline -0.003 -7"><span class='ocrx_word' id='word_1_178' title='bbox 295 1579 416 1615; x_wconf 83' lang='lat' dir='ltr'>digetes</span> <span class='ocrx_word' id='word_1_179' title='bbox 429 1577 480 1607; x_wconf 90' lang='lat' dir='ltr'>Dii</span> <span class='ocrx_word' id='word_1_180' title='bbox 495 1576 778 1613; x_wconf 84' lang='lat' dir='ltr'>distinguerentur,</span> <span class='ocrx_word' id='word_1_181' title='bbox 800 1575 837 1605; x_wconf 88' lang='lat' dir='ltr'>V.</span> <span class='ocrx_word' id='word_1_182' title='bbox 861 1575 953 1606; x_wconf 56' lang='lat' dir='ltr'>Sum:</span> <span class='ocrx_word' id='word_1_183' title='bbox 970 1575 1003 1604; x_wconf 92' lang='lat' dir='ltr'>in</span> <span class='ocrx_word' id='word_1_184' title='bbox 1017 1575 1048 1604; x_wconf 92' lang='lat'>11</span> <span class='ocrx_word' id='word_1_185' title='bbox 1064 1574 1205 1612; x_wconf 86' lang='lat' dir='ltr'>Georgic.</span> <span class='ocrx_word' id='word_1_186' title='bbox 1216 1583 1224 1610; x_wconf 86' lang='lat'>;</span> <span class='ocrx_word' id='word_1_187' title='bbox 1237 1576 1270 1604; x_wconf 80' lang='lat' dir='ltr'>et</span> <span class='ocrx_word' id='word_1_188' title='bbox 1284 1574 1428 1605; x_wconf 71' lang='lat' dir='ltr'>menon.</span> 
     </span>
     <span class='ocr_line' id='line_1_27' title="bbox 298 1618 1360 1657; baseline -0.008 -7"><span class='ocrx_word' id='word_1_189' title='bbox 298 1621 330 1650; x_wconf 90' lang='lat' dir='ltr'>in</span> <span class='ocrx_word' id='word_1_190' title='bbox 354 1620 479 1650; x_wconf 86' lang='lat' dir='ltr'>Somnio</span> <span class='ocrx_word' id='word_1_191' title='bbox 507 1618 670 1656; x_wconf 86' lang='lat' dir='ltr'>Scipionis.</span> <span class='ocrx_word' id='word_1_192' title='bbox 1357 1652 1360 1657; x_wconf 20' lang='grc' dir='ltr'><strong>Α</strong></span> 
     </span>
    </p>

    <p class='ocr_par' dir='ltr' id='par_1_10' title="bbox 359 1653 1429 1700">
     <span class='ocr_line' id='line_1_28' title="bbox 359 1653 1429 1700; baseline -0.004 -10"><span class='ocrx_word' id='word_1_193' title='bbox 359 1661 404 1700; x_wconf 87' lang='grc'>(3)</span> <span class='ocrx_word' id='word_1_194' title='bbox 425 1661 541 1691; x_wconf 72' lang='lat' dir='ltr'>Immo.</span> <span class='ocrx_word' id='word_1_195' title='bbox 561 1661 609 1690; x_wconf 79' lang='lat' dir='ltr'>ita</span> <span class='ocrx_word' id='word_1_196' title='bbox 636 1662 693 1690; x_wconf 77' lang='lat' dir='ltr'>est.</span> <span class='ocrx_word' id='word_1_197' title='bbox 725 1653 775 1689; x_wconf 80' lang='lat' dir='ltr'>sic</span> <span class='ocrx_word' id='word_1_198' title='bbox 797 1658 866 1688; x_wconf 88' lang='lat' dir='ltr'>cod.</span> <span class='ocrx_word' id='word_1_199' title='bbox 890 1667 977 1689; x_wconf 66' lang='lat' dir='ltr'>mss.</span> <span class='ocrx_word' id='word_1_200' title='bbox 1008 1658 1042 1688; x_wconf 87' lang='lat' dir='ltr'>et</span> <span class='ocrx_word' id='word_1_201' title='bbox 1063 1657 1225 1693; x_wconf 71' lang='lat' dir='ltr'>Humsws,</span> <span class='ocrx_word' id='word_1_202' title='bbox 1250 1657 1303 1694; x_wconf 90' lang='lat' dir='ltr'>qui</span> <span class='ocrx_word' id='word_1_203' title='bbox 1324 1657 1429 1686; x_wconf 74' lang='lat' dir='ltr'>tamen</span> 
     </span>
    </p>

    <p class='ocr_par' dir='ltr' id='par_1_11' title="bbox 296 1700 1429 1784">
     <span class='ocr_line' id='line_1_29' title="bbox 298 1700 1429 1744; baseline -0.005 -5"><span class='ocrx_word' id='word_1_204' title='bbox 298 1709 444 1739; x_wconf 82' lang='lat' dir='ltr'>adnotat:</span> <span class='ocrx_word' id='word_1_205' title='bbox 470 1719 488 1736; x_wconf 91' lang='lat'>«</span> <span class='ocrx_word' id='word_1_206' title='bbox 510 1706 583 1738; x_wconf 82' lang='lat' dir='ltr'>tolle</span> <span class='ocrx_word' id='word_1_207' title='bbox 604 1700 642 1734; x_wconf 79' lang='grc' dir='ltr'>τὸ</span> <span class='ocrx_word' id='word_1_208' title='bbox 664 1707 700 1736; x_wconf 85' lang='lat' dir='ltr'>id</span> <span class='ocrx_word' id='word_1_209' title='bbox 707 1716 720 1744; x_wconf 86' lang='lat'><em>;</em></span> <span class='ocrx_word' id='word_1_210' title='bbox 734 1707 766 1736; x_wconf 86' lang='lat' dir='ltr'>et</span> <span class='ocrx_word' id='word_1_211' title='bbox 786 1705 909 1735; x_wconf 85' lang='lat' dir='ltr'>hiatum</span> <span class='ocrx_word' id='word_1_212' title='bbox 930 1704 1080 1742; x_wconf 85' lang='lat' dir='ltr'>relinque,</span> <span class='ocrx_word' id='word_1_213' title='bbox 1102 1705 1282 1735; x_wconf 78' lang='lat' dir='ltr'>auctoribus</span> <span class='ocrx_word' id='word_1_214' title='bbox 1302 1704 1429 1742; x_wconf 85' lang='lat' dir='ltr'>optimis</span> 
     </span>
     <span class='ocr_line' id='line_1_30' title="bbox 296 1747 1002 1784; baseline -0.007 -4"><span class='ocrx_word' id='word_1_215' title='bbox 296 1750 498 1784; x_wconf 84' lang='lat' dir='ltr'>membranis.</span> <span class='ocrx_word' id='word_1_216' title='bbox 520 1750 587 1779; x_wconf 77' lang='lat' dir='ltr'>Iam</span> <span class='ocrx_word' id='word_1_217' title='bbox 609 1748 722 1778; x_wconf 89' lang='lat' dir='ltr'>millies</span> <span class='ocrx_word' id='word_1_218' title='bbox 743 1748 775 1777; x_wconf 92' lang='lat' dir='ltr'>id</span> <span class='ocrx_word' id='word_1_219' title='bbox 797 1747 949 1777; x_wconf 88' lang='lat' dir='ltr'>monitum</span> <span class='ocrx_word' id='word_1_220' title='bbox 971 1758 1002 1778; x_wconf 83' lang='lat'>».</span> 
     </span>
    </p>

    <p class='ocr_par' dir='ltr' id='par_1_12' title="bbox 290 1787 1432 2001">
     <span class='ocr_line' id='line_1_31' title="bbox 360 1787 1430 1830; baseline -0.005 -9"><span class='ocrx_word' id='word_1_221' title='bbox 360 1792 405 1830; x_wconf 83' lang='lat'>(4)</span> <span class='ocrx_word' id='word_1_222' title='bbox 425 1791 517 1830; x_wconf 71' lang='lat' dir='ltr'>yenti</span> <span class='ocrx_word' id='word_1_223' title='bbox 544 1792 652 1821; x_wconf 83' lang='lat' dir='ltr'>Natae</span> <span class='ocrx_word' id='word_1_224' title='bbox 679 1790 722 1819; x_wconf 79' lang='lat' dir='ltr'>ad</span> <span class='ocrx_word' id='word_1_225' title='bbox 749 1790 968 1830; x_wconf 76' lang='lat' dir='ltr'>procinctum.</span> <span class='ocrx_word' id='word_1_226' title='bbox 997 1788 1060 1817; x_wconf 87' lang='lat' dir='ltr'>Nos</span> <span class='ocrx_word' id='word_1_227' title='bbox 1089 1787 1278 1818; x_wconf 88' lang='lat' dir='ltr'>diceremus:</span> <span class='ocrx_word' id='word_1_228' title='bbox 1303 1787 1356 1817; x_wconf 73' lang='lat' dir='ltr'>Aa</span> <span class='ocrx_word' id='word_1_229' title='bbox 1383 1796 1430 1816; x_wconf 85' lang='lat' dir='ltr'>un</span> 
     </span>
     <span class='ocr_line' id='line_1_32' title="bbox 290 1828 1432 1878; baseline -0.007 -9"><span class='ocrx_word' id='word_1_230' title='bbox 290 1840 407 1878; x_wconf 73' lang='lat' dir='ltr'>popolo</span> <span class='ocrx_word' id='word_1_231' title='bbox 429 1840 506 1868; x_wconf 80' lang='lat' dir='ltr'>nalo</span> <span class='ocrx_word' id='word_1_232' title='bbox 528 1838 562 1866; x_wconf 82' lang='lat' dir='ltr'>al</span> <span class='ocrx_word' id='word_1_233' title='bbox 585 1836 795 1876; x_wconf 70' lang='lat' dir='ltr'>battayliare.</span> <span class='ocrx_word' id='word_1_234' title='bbox 819 1836 1019 1866; x_wconf 88' lang='lat' dir='ltr'>Procinctum</span> <span class='ocrx_word' id='word_1_235' title='bbox 1043 1843 1152 1872; x_wconf 77' lang='lat' dir='ltr'>graece</span> <span class='ocrx_word' id='word_1_236' title='bbox 1166 1828 1366 1876; x_wconf 72' lang='grc' dir='ltr'>παρασκευὴ</span> <span class='ocrx_word' id='word_1_237' title='bbox 1383 1834 1432 1865; x_wconf 79' lang='lat' dir='ltr'>est</span> 
     </span>
     <span class='ocr_line' id='line_1_33' title="bbox 294 1877 1430 1919; baseline -0.004 -8"><span class='ocrx_word' id='word_1_238' title='bbox 294 1881 462 1919; x_wconf 79' lang='lat' dir='ltr'>apparatus</span> <span class='ocrx_word' id='word_1_239' title='bbox 477 1879 636 1915; x_wconf 76' lang='lat' dir='ltr'>militaris,</span> <span class='ocrx_word' id='word_1_240' title='bbox 660 1887 719 1915; x_wconf 92' lang='lat' dir='ltr'>quo</span> <span class='ocrx_word' id='word_1_241' title='bbox 734 1887 766 1908; x_wconf 87' lang='lat' dir='ltr'>se</span> <span class='ocrx_word' id='word_1_242' title='bbox 782 1878 901 1908; x_wconf 82' lang='lat' dir='ltr'>milites</span> <span class='ocrx_word' id='word_1_243' title='bbox 922 1877 961 1906; x_wconf 80' lang='lat' dir='ltr'>ad</span> <span class='ocrx_word' id='word_1_244' title='bbox 983 1885 1116 1914; x_wconf 77' lang='lat' dir='ltr'>pugnam</span> <span class='ocrx_word' id='word_1_245' title='bbox 1132 1877 1289 1907; x_wconf 83' lang='lat' dir='ltr'>instruere</span> <span class='ocrx_word' id='word_1_246' title='bbox 1304 1885 1430 1907; x_wconf 82' lang='lat' dir='ltr'>consue-</span> 
     </span>
     <span class='ocr_line' id='line_1_34' title="bbox 296 1919 1430 1958; baseline -0.003 -7"><span class='ocrx_word' id='word_1_247' title='bbox 296 1925 418 1953; x_wconf 80' lang='lat' dir='ltr'>verunt.</span> <span class='ocrx_word' id='word_1_248' title='bbox 442 1922 522 1952; x_wconf 90' lang='lat' dir='ltr'>Hinc</span> <span class='ocrx_word' id='word_1_249' title='bbox 544 1920 659 1950; x_wconf 84' lang='lat' dir='ltr'>dictio:</span> <span class='ocrx_word' id='word_1_250' title='bbox 682 1921 714 1950; x_wconf 88' lang='lat' dir='ltr'>in</span> <span class='ocrx_word' id='word_1_251' title='bbox 743 1920 915 1958; x_wconf 79' lang='lat' dir='ltr'>procincto,</span> <span class='ocrx_word' id='word_1_252' title='bbox 947 1919 992 1948; x_wconf 76' lang='lat' dir='ltr'>vei</span> <span class='ocrx_word' id='word_1_253' title='bbox 1015 1920 1048 1948; x_wconf 86' lang='lat' dir='ltr'>in</span> <span class='ocrx_word' id='word_1_254' title='bbox 1077 1919 1238 1957; x_wconf 76' lang='lat' dir='ltr'>procinctu</span> <span class='ocrx_word' id='word_1_255' title='bbox 1259 1926 1344 1954; x_wconf 75' lang='lat' dir='ltr'>esse,</span> <span class='ocrx_word' id='word_1_256' title='bbox 1375 1926 1430 1956; x_wconf 84' lang='lat' dir='ltr'>pro</span> 
     </span>
     <span class='ocr_line' id='line_1_35' title="bbox 296 1960 1428 2001; baseline -0.004 -7"><span class='ocrx_word' id='word_1_257' title='bbox 296 1973 330 1993; x_wconf 86' lang='lat' dir='ltr'>eo</span> <span class='ocrx_word' id='word_1_258' title='bbox 347 1964 426 2001; x_wconf 85' lang='lat' dir='ltr'>quod</span> <span class='ocrx_word' id='word_1_259' title='bbox 439 1965 507 1993; x_wconf 82' lang='lat' dir='ltr'>est:</span> <span class='ocrx_word' id='word_1_260' title='bbox 530 1963 563 1992; x_wconf 89' lang='lat' dir='ltr'>in</span> <span class='ocrx_word' id='word_1_261' title='bbox 583 1971 621 1992; x_wconf 76' lang='lat' dir='ltr'>eo</span> <span class='ocrx_word' id='word_1_262' title='bbox 635 1970 712 1999; x_wconf 84' lang='lat' dir='ltr'>esse,</span> <span class='ocrx_word' id='word_1_263' title='bbox 729 1963 766 1991; x_wconf 82' lang='lat' dir='ltr'>ut</span> <span class='ocrx_word' id='word_1_264' title='bbox 786 1962 856 1999; x_wconf 81' lang='lat' dir='ltr'>quis</span> <span class='ocrx_word' id='word_1_265' title='bbox 878 1969 1011 1999; x_wconf 79' lang='lat' dir='ltr'>pugnam</span> <span class='ocrx_word' id='word_1_266' title='bbox 1034 1961 1203 1991; x_wconf 80' lang='lat' dir='ltr'>instauret.</span> <span class='ocrx_word' id='word_1_267' title='bbox 1228 1960 1263 1991; x_wconf 82' lang='lat' dir='ltr'>V.</span> <span class='ocrx_word' id='word_1_268' title='bbox 1289 1961 1428 1990; x_wconf 87' lang='lat' dir='ltr'>nostrum</span> 
     </span>
    </p>
   </div>
   <div class='ocr_carea' id='block_1_6' title="bbox 296 2005 1428 2086">
    <p class='ocr_par' dir='ltr' id='par_1_13' title="bbox 296 2005 1428 2086">
     <span class='ocr_line' id='line_1_36' title="bbox 296 2005 574 2041; baseline 0 -6"><span class='ocrx_word' id='word_1_269' title='bbox 296 2005 476 2041; x_wconf 79' lang='lat' dir='ltr'>Hamartig.</span> <span class='ocrx_word' id='word_1_270' title='bbox 499 2005 574 2035; x_wconf 79' lang='lat'>916.</span> 
     </span>
     <span class='ocr_line' id='line_1_37' title="bbox 358 2043 1428 2086; baseline -0.005 -9"><span class='ocrx_word' id='word_1_271' title='bbox 358 2048 403 2086; x_wconf 88' lang='lat'>(5)</span> <span class='ocrx_word' id='word_1_272' title='bbox 425 2050 462 2076; x_wconf 77' lang='lat' dir='ltr'>ut</span> <span class='ocrx_word' id='word_1_273' title='bbox 485 2055 558 2076; x_wconf 78' lang='lat' dir='ltr'>cnm</span> <span class='ocrx_word' id='word_1_274' title='bbox 581 2045 728 2075; x_wconf 73' lang='lat' dir='ltr'>Dictcm’s</span> <span class='ocrx_word' id='word_1_275' title='bbox 757 2044 1008 2082; x_wconf 69' lang='lat' dir='ltr'>Corybantibus.</span> <span class='ocrx_word' id='word_1_276' title='bbox 1041 2044 1098 2073; x_wconf 82' lang='lat' dir='ltr'>Est</span> <span class='ocrx_word' id='word_1_277' title='bbox 1120 2043 1151 2073; x_wconf 85' lang='lat' dir='ltr'>in</span> <span class='ocrx_word' id='word_1_278' title='bbox 1181 2043 1428 2073; x_wconf 69' lang='lat' dir='ltr'>Mourmvcomo</span> 
     </span>
    </p>
   </div>
   <div class='ocr_carea' id='block_1_7' title="bbox 294 2083 1428 2169">
    <p class='ocr_par' dir='ltr' id='par_1_14' title="bbox 294 2083 1428 2169">
     <span class='ocr_line' id='line_1_38' title="bbox 295 2083 1428 2125; baseline -0.004 -7"><span class='ocrx_word' id='word_1_279' title='bbox 295 2090 526 2118; x_wconf 84' lang='lat' dir='ltr'>monumentum</span> <span class='ocrx_word' id='word_1_280' title='bbox 551 2096 709 2118; x_wconf 78' lang='lat' dir='ltr'>romanum</span> <span class='ocrx_word' id='word_1_281' title='bbox 732 2086 932 2125; x_wconf 82' lang='lat' dir='ltr'>illustratum,</span> <span class='ocrx_word' id='word_1_282' title='bbox 957 2086 1008 2115; x_wconf 87' lang='lat' dir='ltr'>ubi</span> <span class='ocrx_word' id='word_1_283' title='bbox 1031 2085 1171 2123; x_wconf 85' lang='lat' dir='ltr'>Iuppiter</span> <span class='ocrx_word' id='word_1_284' title='bbox 1193 2084 1295 2114; x_wconf 76' lang='lat' dir='ltr'>infans</span> <span class='ocrx_word' id='word_1_285' title='bbox 1309 2083 1428 2121; x_wconf 74' lang='lat' dir='ltr'>compi-</span> 
     </span>
     <span class='ocr_line' id='line_1_39' title="bbox 294 2126 1428 2169; baseline -0.004 -9"><span class='ocrx_word' id='word_1_286' title='bbox 294 2130 377 2161; x_wconf 81' lang='lat' dir='ltr'>citur</span> <span class='ocrx_word' id='word_1_287' title='bbox 394 2139 412 2160; x_wconf 87' lang='lat' dir='ltr'>a</span> <span class='ocrx_word' id='word_1_288' title='bbox 426 2130 653 2169; x_wconf 81' lang='lat' dir='ltr'>Corybantibus</span> <span class='ocrx_word' id='word_1_289' title='bbox 669 2129 700 2159; x_wconf 89' lang='lat' dir='ltr'>iu</span> <span class='ocrx_word' id='word_1_290' title='bbox 717 2128 820 2159; x_wconf 80' lang='lat' dir='ltr'>insula</span> <span class='ocrx_word' id='word_1_291' title='bbox 835 2127 928 2159; x_wconf 70' lang='lat' dir='ltr'>Creta</span> <span class='ocrx_word' id='word_1_292' title='bbox 944 2127 1100 2162; x_wconf 46' lang='lat' dir='ltr'>nutritum</span> <span class='ocrx_word' id='word_1_293' title='bbox 1119 2134 1209 2165; x_wconf 81' lang='lat' dir='ltr'>quae,</span> <span class='ocrx_word' id='word_1_294' title='bbox 1224 2134 1263 2157; x_wconf 88' lang='lat' dir='ltr'>ne</span> <span class='ocrx_word' id='word_1_295' title='bbox 1277 2126 1428 2156; x_wconf 80' lang='lat' dir='ltr'>Saturnus</span> 
     </span>
    </p>
   </div>
   <div class='ocr_carea' id='block_1_8' title="bbox 0 0 1566 360">
    <p class='ocr_par' dir='ltr' id='par_1_15' title="bbox 0 0 1566 360">
     <span class='ocr_line' id='line_1_40' title="bbox 0 0 1566 360; baseline 0 -111"><span class='ocrx_word' id='word_1_296' title='bbox 0 0 1566 360; x_wconf 95' lang='lat' dir='ltr'>     </span> 
     </span>
    </p>
   </div>
   <div class='ocr_carea' id='block_1_9' title="bbox 1543 2435 1566 2482">
    <p class='ocr_par' dir='ltr' id='par_1_16' title="bbox 1543 2422 1566 2482">
     <span class='ocr_line' id='line_1_41' title="bbox 1543 2435 1566 2482; textangle 90"><span class='ocrx_word' id='word_1_297' title='bbox 1543 2442 1566 2482; x_wconf 56' lang='lat'>&#39;6-31‘</span> <span class='ocrx_word' id='word_1_298' title='bbox 1564 2435 1566 2440; x_wconf 93' lang='lat'>.</span> 
     </span>
    </p>
   </div>
  </div>
 </body>
</html>
