1566 2482
525 206 532 207 ἶ
591 166 817 196 Amneoffls
1221 151 1270 191 31

629 449 635 453 ·
664 426 729 464 III

446 533 706 573 ADVERSVS
734 532 957 571 IVDAEOS

133 692 186 723 Aa
206 693 333 723 Iudaeos
347 691 401 721 hic
416 698 523 721 versus
536 698 607 720 suos
621 688 787 725 detorquet
802 687 1002 722 Prudentius,
1021 694 1112 723 quem
1128 687 1273 725 populum

173 734 221 765 vel
234 734 368 764 aMoisis
382 732 573 771 temporibus
580 733 741 768 tamquam
757 730 881 767 gentem
897 727 1087 759 incredulam
1095 729 1273 767 etpervica·

172 785 239 807 cem
250 776 366 812 arguit.
379 775 493 805 Eorum
505 774 628 810 Agnum
643 773 821 803 Paschalem
839 771 1006 810 mysticum
1018 779 1139 808 semper
1152 779 1274 801 sensum

174 818 320 848 habuisse
340 816 490 853 ostendit,
513 816 607 852 attiue
636 814 766 845 Moesiae
792 813 978 848 adventum,
1006 812 1107 842 vitam
1130 813 1273 842 mortem-

174 868 233 897 que
245 859 494 898 praenuntiasse.
518 857 613 896 Quem
635 856 780 886 Messium
804 855 918 886 Filium
934 863 999 885 esse
1023 854 1080 884 Dei
1095 854 1276 892 comprobat

173 902 313 932 maxima
333 900 461 931 humani
489 899 612 936 generis
634 907 718 936 pars,
743 906 822 934 quae
836 898 903 927 eius
924 896 1098 927 doctrinam
1121 895 1212 926 facile
1225 897 1276 926 est

173 943 326 982 amplexm
342 942 481 979 itemque
501 941 718 971 demonstrant
731 939 907 977 daemones,
921 939 1065 977 potentia
1084 937 1192 968 divina
1204 938 1275 969 Iesu

173 985 304 1019 Christi,
314 984 472 1015 etvirtute
483 982 702 1021 discipulorum
716 981 846 1020 depulsi.
859 980 919 1011 Hic
933 984 1038 1010 autem
1054 979 1272 1018 Imperatorem

173 1027 327 1058 Iulianum
348 1027 385 1056 ut
395 1025 509 1056 testem
522 1024 666 1055 idoneum
692 1024 726 1054 in
744 1023 878 1054 medium
900 1021 1030 1061 profert,
1041 1022 1091 1058 qui
1099 1022 1274 1052 Dianaesa·

174 1078 259 1099 crum
280 1068 409 1105 faciens,
428 1067 522 1097 litare
543 1074 737 1103 nequaquam
758 1064 909 1104 potuerit.
933 1064 1068 1094 Tandem
1089 1063 1180 1093 notat
1194 1063 1275 1093 Iero-

173 1111 359 1149 solymorum
379 1109 487 1140 urbem
501 1108 651 1143 dirutam,
668 1108 817 1146 templum
832 1106 1003 1137 Salomonis
1022 1114 1175 1141 eversum,
1191 1105 1276 1143 ipsos

174 1154 239 1183 met
260 1152 388 1182 Iudaeos
408 1151 468 1180 hue
491 1150 565 1180 illuc
586 1150 691 1180 exules
712 1149 812 1179 solum
834 1148 981 1184 vertisse,
1003 1147 1143 1184 satisque
1170 1147 1275 1185 palam

173 1194 347 1225 ostendisse
368 1193 495 1223 humani
521 1192 644 1229 generis
665 1191 902 1230 Redemptorem
927 1190 1105 1223 advenisse3
1123 1197 1214 1226 quem
1226 1189 1274 1219 ta-

174 1245 244 1267 men
256 1236 352 1266 iidem
366 1235 534 1272 degeneres
547 1233 666 1270 Iudnei,
678 1233 835 1264 obcaecati
847 1233 886 1262 ad
901 1233 1032 1262 mortem
1048 1231 1229 1268 adegerunt,
1242 1231 1276 1260 et

175 1277 425 1309 innocentissimo
435 1277 503 1307 eius
516 1276 667 1313 sanguine
683 1274 814 1313 respersi
833 1282 945 1313 poenas
962 1274 994 1303 in
1011 1273 1078 1304 dies
1091 1273 1274 1309 luere‚quas

176 1321 207 1350 in
227 1328 261 1351 se
282 1328 318 1351 nc
339 1327 429 1350 suum
450 1319 544 1357 caput
563 1318 640 1348 sunt
659 1317 732 1348 olim
755 1316 923 1347 exsecrati.

134 1465 237 1503 Haec
264 1463 297 1502 si
324 1464 497 1502 Iudaicos
525 1463 578 1501 sic
605 1462 795 1500 intellecta
820 1461 1010 1510 rigassent

133 1518 309 1565 Auditus,
340 1517 512 1565 stupidas
538 1517 582 1555 ut
608 1515 756 1564 possint
783 1514 842 1563 (1)
870 1516 1024 1562 tangere
1053 1513 1182 1560 fibras,

133 1571 340 1610 Audissent
366 1570 567 1609 Dominum
594 1569 789 1614 virtutum,
820 1568 884 1616 qui
911 1568 1108 1615 pereuntes

134 1625 296 1663 Venerat
321 1624 364 1662 ut
391 1624 555 1662 servaret
581 1634 689 1661 oves:
721 1622 786 1660 sed
813 1622 861 1659 ab
887 1621 1039 1659 auribus
1067 1620 1189 1658 omnis
1308 1655 1318 1662 ,

136 1678 310 1717 Fluxerat
337 1678 505 1723 ornatus,
535 1677 648 1725 eaput
674 1677 711 1714 et
738 1676 814 1713 iam
841 1674 970 1713 coctile
1000 1673 1058 1722 (2)
1078 1674 1178 1712 Beal-
1200 1674 1277 1712 325
1305 1688 1313 1698 .

135 1731 323 1777 Finxerat,
354 1731 615 1779 auriculasque
643 1740 709 1768 suo
737 1728 915 1777 spoliarat
941 1728 1093 1767 honore.

199 1861 248 1900 (1)
273 1865 309 1890 ut
324 1862 455 1900 possint
478 1863 622 1898 tanyere.
647 1859 752 1890 Gism..
777 1859 892 1896 aliique
915 1860 952 1887 ut
968 1861 1116 1897 possent.

200 1904 246 1942 (2)
269 1903 379 1943 Caput
392 1906 422 1932 et
443 1903 513 1933 iam
535 1902 651 1933 coctile.
669 1901 701 1933 S.
718 1901 908 1935 Ci'mumvs.
926 1901 970 1930 De
992 1901 1076 1929 Bono
1098 1899 1277 1929 Patientiae

134 1945 192 1975 sub
221 1945 289 1979 fin.:
312 1945 344 1975 S.
368 1944 562 1980 Auenosws,
585 1944 640 1982 Ep.
665 1943 738 1979 L11;
763 1943 973 1978 Lmunnvs,
991 1942 1107 1978 a'iique
1131 1949 1190 1971 non
1214 1941 1277 1971 iam

135 1988 237 2017 totum
253 1986 398 2022 vitulum,
414 1986 468 2016 sed
483 1986 575 2016 vituli
591 1986 715 2015 tantum
730 1989 826 2023 caput
840 1985 974 2016 effictum
990 1991 1058 2013 esse
1074 1982 1276 2013 contendunt.

135 2029 277 2060 Ceterum
286 2028 384 2064 Baal,
394 2036 503 2058 nomen
518 2027 628 2058 indecl.
636 2026 795 2064 ‚hebraice
804 2026 1005 2074 &fammeus
1016 2024 1079 2055 fuit
1089 2025 1129 2054 ab
1142 2024 1278 2062 Assyris,

136 2085 156 2106 a
169 2075 375 2106 Phoenicibus
398 2076 431 2106 et
452 2074 630 2112 quandoque
646 2073 772 2104 Iudaeis
787 2072 940 2104 excultus.
954 2072 1018 2102 Vox
1034 2072 1100 2110 ipsa
1114 2071 1278 2102 Dominum

135 2117 312 2155 significan
324 2117 467 2154 idemque
487 2117 598 2148 Poenis
620 2116 708 2146 Baal
730 2115 804 2153 suit,
826 2115 879 2152 qui
895 2114 1036 2152 Iuppiter
1050 2113 1132 2152 apud
1148 2114 1279 2144 Graecos
