1566 2482
229 290 438 340 Principis:
469 290 633 330 abducta
657 289 806 337 genitor
834 288 869 328 si
894 289 1050 338 virgine¹
1069 301 1246 331 mussans

228 343 389 383 Tristius
415 343 622 392 ingemuit3
651 353 728 382 non
752 342 818 381 ille
845 342 996 391 impune
1024 344 1187 383 dolorem

228 397 412 444 Prodidit,
423 398 492 436 aut
499 396 672 436 confessa
687 396 826 435 animis
842 395 902 447 (1)
914 397 1078 445 suspiria
1090 399 1220 438 traxit:
1237 399 1317 438 480

228 451 333 499 (Vim
358 450 546 490 libertatis
573 450 726 498 nimiae,
756 450 992 499 patriumque
1020 451 1218 502 dolorem.)

227 505 348 543 Testis
376 503 619 543 Christicolae
635 504 754 543 -ducis
781 504 1024 543 adventantis
1052 505 1100 543 ad
1127 506 1256 545 urbem

228 558 394 598 Mulvius
410 559 486 607 (2),
501 559 696 606 exceptum
709 557 884 596 Tiberina
901 558 942 596 in
961 560 1100 607 stagna
1113 560 1316 608 tyrannum

228 611 502 659 Praecipitans,
532 623 697 660 quanam
724 611 895 650 victricia
922 611 1059 651 viderit
1085 624 1190 652 arma

227 665 423 704 Maiestate
450 665 546 714 regi,
576 665 674 714 quod
701 665 852 716 signum
880 666 1032 704 dextera
1057 666 1196 705 vindex
1236 667 1314 706 485

227 718 467 766 Praetulerit,
497 719 600 768 quali
626 718 814 757 radiarint
839 719 1035 758 stemmate
1061 720 1154 768 pila.

226 772 398 812 Christus
424 784 664 820 purpureum,
694 773 900 821 gemmanti
926 774 1051 811 textus
1079 773 1120 811 in
1148 785 1252 822 auro,

224 824 409 874 Signabat
424 826 595 864 labarum
616 827 696 874 (3):
721 826 935 875 clypeorum
954 826 1125 874 insignia
1144 827 1315 866 Christus

225 879 453 927 Scripserat:
484 879 640 917 ardebat
666 879 823 918 summis
850 891 940 918 crux
968 879 1099 918 addita
1124 880 1265 920 cristis.

223 932 312 980 Ipse
340 934 554 971 senatorum
581 932 753 971 meminit
778 933 1011 972 clarissimus
1038 934 1149 981 ordo;
1233 934 1312 973 490

224 985 295 1033 Qui
321 986 412 1025 tunc
439 987 610 1025 concreto
635 986 820 1034 processit
844 986 961 1034 crine,
991 987 1136 1026 catenis

223 1039 406 1088 Squalens
432 1039 627 1087 carcereis,
656 1041 724 1078 aut
749 1051 867 1078 nexus
895 1041 1069 1088 compede
1097 1042 1221 1088 vasta,

224 1092 515 1142 complexusque
542 1093 654 1141 pedes
681 1093 850 1141 victoris,
879 1094 928 1132 ad
956 1093 1089 1132 inclita
1116 1094 1239 1133 flendo

222 1146 424 1185 Procubuit
451 1146 588 1186 vexilla
615 1146 755 1185 iacens.
787 1148 892 1185 Tunc
918 1147 981 1185 ille
1011 1149 1165 1186 senatus

221 1198 381 1238 Militiae
408 1199 554 1238 ultricis
579 1199 747 1247 titulum,
778 1200 990 1249 Christique
1017 1201 1220 1239 verendum
1234 1201 1311 1239 495

221 1253 368 1291 Nomen
398 1253 456 1302 (4)
486 1253 671 1301 adoravit,
703 1254 801 1302 quod
829 1254 1048 1294 conlucebat
1074 1254 1116 1292 in
1143 1254 1272 1315 armis.

232 1375 279 1415 (1)
302 1376 446 1414 confessa
467 1370 603 1410 izm'mt's.
627 1377 715 1407 Unus
741 1386 758 1407 e
780 1377 867 1409 codd.
892 1377 992 1409 Vatic.
1015 1377 1074 1416 Qui
1095 1387 1238 1408 convexa
1259 1379 1309 1408 m·-

166 1417 231 1448 mis
249 1418 428 1448 describunt
443 1419 601 1450 aberrant.
618 1419 724 1456 Neque
738 1420 924 1457 receperim:
941 1420 1087 1458 confessa
1101 1420 1203 1451 nimis
1217 1427 1311 1457 quam

166 1457 239 1489 lect.
263 1459 428 1490 Glsnunvs
447 1461 577 1498 recepit.

231 1510 277 1550 (2)
289 1512 451 1548 Mulvius,
467 1512 515 1543 vel
530 1513 668 1543 Milvius
683 1521 769 1551 pons,
787 1513 940 1551 hodieque
956 1514 1072 1545 Romae
1086 1515 1189 1545 Ponte
1197 1514 1306 1551 Molle,

167 1551 248 1584 unde
268 1553 395 1583 initium
419 1553 482 1584 suit
502 1554 573 1585 viae
596 1554 788 1591 Flaminiae:
811 1555 917 1585 Tiberi
940 1556 1106 1594 impositus
1128 1557 1219 1587 extra
1239 1565 1310 1594 por-

164 1594 233 1625 tam
253 1594 490 1625 Flumentanam
513 1595 554 1626 ad
574 1596 738 1626 secundam
761 1596 909 1634 lapidem.
933 1597 969 1629 V.
994 1597 1110 1628 Avazn.
1129 1597 1306 1637 Vlcroaau,

170 1636 281 1667 Viror.
303 1636 498 1667 Illustm‘um
521 1637 572 1667 72.
595 1636 659 1669 Cfr.
683 1638 850 1668 Evszmvm
872 1638 907 1670 L,
928 1638 954 1678 1,
979 1638 1121 1669 xxxvnI.

229 1689 282 1730 (3)
305 1690 464 1730 Siqnabat
486 1690 650 1722 labarum.
665 1691 779 1722 Graece
794 1689 959 1736 λαβαρὸν.
973 1690 1050 1722 Eius
1065 1689 1196 1722 sormam
1209 1690 1306 1722 habes

165 1736 199 1766 in
219 1735 368 1773 Evsnno,
390 1736 560 1769 Constant.
581 1736 669 1768 Vita.
687 1737 757 1769 Lib.
775 1738 802 1775 1,
817 1747 888 1777 cap.
905 1747 996 1769 xxm.
1021 1739 1059 1769 V.
1082 1739 1180 1770 etiam
1201 1738 1300 1770 cino.

164 1777 212 1809 Dv
234 1778 371 1814 Fassun,
389 1779 494 1811 Gloss.
512 1779 552 1809 ad
566 1779 692 1810 verbum
707 1780 898 1815 Labarum;
920 1781 954 1811 et
968 1780 1048 1812 Lex.
1062 1781 1184 1812 Poe'tic.
1203 1781 1305 1811 totius

165 1819 298 1858 linquae
319 1820 444 1851 latinae
464 1820 556 1851 Vmc.
580 1820 804 1852 Lauramcnn
825 1821 905 1860 quod
920 1831 1013 1860 cogor
1035 1822 1221 1859 quandoque
1234 1831 1300 1854 me-

164 1869 298 1893 morare.

227 1909 274 1948 (4)
297 1908 486 1949 Christique
505 1910 679 1940 verendum
695 1911 822 1945 Nomen
838 1911 1000 1943 adoravit.
1028 1911 1140 1942 Latius
1161 1913 1236 1941 haec
1251 1911 1299 1940 in-

162 1949 298 1988 lelliges;
323 1959 384 1982 non
405 1952 486 1982 enim
503 1960 609 1982 omnes
630 1952 752 1983 ordinis
773 1953 926 1984 senatorii
948 1953 1165 1984 Christianam
1187 1952 1300 1983 doctri·

162 1999 237 2023 nam
256 1993 332 2023 tunc
353 1993 503 2031 temporis
523 1993 794 2032 amplexabantur.
817 1995 972 2026 Labarum
992 1995 1112 2031 tamen,
1135 1993 1217 2031 quod
1238 2001 1300 2024 mo-

162 2041 347 2070 nogramma
366 2033 484 2066 Christi
504 2035 712 2073 praeferebat,
736 2037 899 2074 tamquam
922 2037 1064 2075 princeps
1086 2036 1221 2066 militiae
1242 2035 1304 2066 Ro-

162 2075 443 2148 ωαῧόὂὲᾞιιω
465 2085 503 2107 ex
523 2086 607 2108 more
629 2077 840 2109 salutabatur.
858 2078 921 2110 Cfr.
947 2078 1046 2109 cmo.
1072 2078 1241 2108 Blnomvu
1263 2076 1304 2108 ad

163 2124 235 2149 ann·
392 2139 401 2149 Ο

445 158 600 210 cortem⁴
617 176 812 210 svmmvm
838 164 1051 218 oannem-m
1239 173 1317 212 205
1363 201 1375 205 -
1412 159 1423 166 ’
