<?xml version="1.0" encoding="UTF-8"?>
<!DOCTYPE html PUBLIC "-//W3C//DTD XHTML 1.0 Transitional//EN"
    "http://www.w3.org/TR/xhtml1/DTD/xhtml1-transitional.dtd">
<html xmlns="http://www.w3.org/1999/xhtml" xml:lang="en" lang="en">
 <head>
  <title>
</title>
<meta http-equiv="Content-Type" content="text/html;charset=utf-8" />
  <meta name='ocr-system' content='tesseract 3.04.00' />
  <meta name='ocr-capabilities' content='ocr_page ocr_carea ocr_par ocr_line ocrx_word'/>
</head>
<body>
  <div class='ocr_page' id='page_1' title='image "./operaprud00pruduoft_0150.png"; bbox 0 0 1566 2482; ppageno 0'>
   <div class='ocr_carea' id='block_1_1' title="bbox 430 0 1566 182">
    <p class='ocr_par' dir='ltr' id='par_1_1' title="bbox 430 0 1566 182">
     <span class='ocr_line' id='line_1_1' title="bbox 430 0 1566 182; baseline 0 2300"><span class='ocrx_word' id='word_1_1' title='bbox 430 0 1566 182; x_wconf 95' lang='lat' dir='ltr'> </span> 
     </span>
    </p>
   </div>
   <div class='ocr_carea' id='block_1_2' title="bbox 241 187 1010 228">
    <p class='ocr_par' dir='ltr' id='par_1_2' title="bbox 241 187 1010 228">
     <span class='ocr_line' id='line_1_2' title="bbox 241 187 1010 228; baseline -0.007 -1"><span class='ocrx_word' id='word_1_2' title='bbox 241 187 327 228; x_wconf 88' lang='lat'>146</span> <span class='ocrx_word' id='word_1_3' title='bbox 623 196 778 226; x_wconf 74' lang='lat' dir='ltr'>Avnnnu</span> <span class='ocrx_word' id='word_1_4' title='bbox 804 194 1010 225; x_wconf 70' lang='lat' dir='ltr'>Pavnawrrr</span> 
     </span>
    </p>
   </div>
   <div class='ocr_carea' id='block_1_3' title="bbox 195 301 1394 1697">
    <p class='ocr_par' dir='ltr' id='par_1_3' title="bbox 241 301 1389 626">
     <span class='ocr_line' id='line_1_3' title="bbox 244 301 1389 357; baseline -0.008 -8"><span class='ocrx_word' id='word_1_5' title='bbox 244 309 363 357; x_wconf 64' lang='lat' dir='ltr'>Virgo</span> <span class='ocrx_word' id='word_1_6' title='bbox 391 308 446 347; x_wconf 90' lang='lat' dir='ltr'>ait</span> <span class='ocrx_word' id='word_1_7' title='bbox 472 306 727 354; x_wconf 71' lang='lat' dir='ltr'>increpitans:</span> <span class='ocrx_word' id='word_1_8' title='bbox 759 303 836 343; x_wconf 89' lang='lat' dir='ltr'>sint</span> <span class='ocrx_word' id='word_1_9' title='bbox 861 304 953 343; x_wconf 89' lang='lat' dir='ltr'>haec</span> <span class='ocrx_word' id='word_1_10' title='bbox 970 302 1042 342; x_wconf 88' lang='lat' dir='ltr'>tibi</span> <span class='ocrx_word' id='word_1_11' title='bbox 1067 302 1209 342; x_wconf 88' lang='lat' dir='ltr'>fercula</span> <span class='ocrx_word' id='word_1_12' title='bbox 1234 301 1389 342; x_wconf 86' lang='lat' dir='ltr'>tandem</span> 
     </span>
     <span class='ocr_line' id='line_1_4' title="bbox 241 356 1179 410; baseline -0.006 -9"><span class='ocrx_word' id='word_1_13' title='bbox 241 363 386 402; x_wconf 80' lang='lat' dir='ltr'>Tristia</span> <span class='ocrx_word' id='word_1_14' title='bbox 412 359 605 410; x_wconf 89' lang='lat' dir='ltr'>praeteriti</span> <span class='ocrx_word' id='word_1_15' title='bbox 633 358 762 397; x_wconf 87' lang='lat' dir='ltr'>nimiis</span> <span class='ocrx_word' id='word_1_16' title='bbox 789 369 855 406; x_wconf 90' lang='lat' dir='ltr'>pro</span> <span class='ocrx_word' id='word_1_17' title='bbox 883 357 1055 396; x_wconf 79' lang='lat' dir='ltr'>dulcibus</span> <span class='ocrx_word' id='word_1_18' title='bbox 1083 356 1179 396; x_wconf 87' lang='lat' dir='ltr'>aevi.</span> 
     </span>
     <span class='ocr_line' id='line_1_5' title="bbox 245 409 1388 461; baseline -0.005 -6"><span class='ocrx_word' id='word_1_19' title='bbox 245 417 429 455; x_wconf 87' lang='lat' dir='ltr'>Lascivas</span> <span class='ocrx_word' id='word_1_20' title='bbox 456 414 558 453; x_wconf 90' lang='lat' dir='ltr'>vitae</span> <span class='ocrx_word' id='word_1_21' title='bbox 585 413 792 452; x_wconf 80' lang='lat' dir='ltr'>inlecebras</span> <span class='ocrx_word' id='word_1_22' title='bbox 819 412 997 461; x_wconf 84' lang='lat' dir='ltr'>gustatus</span> <span class='ocrx_word' id='word_1_23' title='bbox 1025 423 1176 451; x_wconf 87' lang='lat' dir='ltr'>amarae</span> <span class='ocrx_word' id='word_1_24' title='bbox 1309 409 1388 449; x_wconf 87' lang='lat'>430</span> 
     </span>
     <span class='ocr_line' id='line_1_6' title="bbox 245 465 1336 518; baseline -0.005 -9"><span class='ocrx_word' id='word_1_25' title='bbox 245 470 396 518; x_wconf 85' lang='lat' dir='ltr'>Mortis,</span> <span class='ocrx_word' id='word_1_26' title='bbox 428 470 465 507; x_wconf 90' lang='lat' dir='ltr'>et</span> <span class='ocrx_word' id='word_1_27' title='bbox 491 467 662 506; x_wconf 88' lang='lat' dir='ltr'>horrifico</span> <span class='ocrx_word' id='word_1_28' title='bbox 690 477 799 514; x_wconf 89' lang='lat' dir='ltr'>sapor</span> <span class='ocrx_word' id='word_1_29' title='bbox 825 465 980 504; x_wconf 89' lang='lat' dir='ltr'>ultimus</span> <span class='ocrx_word' id='word_1_30' title='bbox 1007 467 1157 514; x_wconf 85' lang='lat' dir='ltr'>asperat</span> <span class='ocrx_word' id='word_1_31' title='bbox 1182 465 1336 504; x_wconf 81' lang='lat' dir='ltr'>haustu.</span> 
     </span>
     <span class='ocr_line' id='line_1_7' title="bbox 246 518 1227 569; baseline -0.006 -6"><span class='ocrx_word' id='word_1_32' title='bbox 246 524 364 564; x_wconf 82' lang='lat' dir='ltr'>Caede</span> <span class='ocrx_word' id='word_1_33' title='bbox 393 522 499 561; x_wconf 90' lang='lat' dir='ltr'>ducis</span> <span class='ocrx_word' id='word_1_34' title='bbox 528 522 698 569; x_wconf 89' lang='lat' dir='ltr'>dispersa</span> <span class='ocrx_word' id='word_1_35' title='bbox 725 519 826 568; x_wconf 82' lang='lat' dir='ltr'>fugit</span> <span class='ocrx_word' id='word_1_36' title='bbox 850 518 1062 567; x_wconf 73' lang='lat' dir='ltr'>trepidante</span> <span class='ocrx_word' id='word_1_37' title='bbox 1090 530 1227 568; x_wconf 88' lang='lat' dir='ltr'>pavore</span> 
     </span>
     <span class='ocr_line' id='line_1_8' title="bbox 245 572 1170 626; baseline -0.008 -9"><span class='ocrx_word' id='word_1_38' title='bbox 245 577 437 626; x_wconf 86' lang='lat' dir='ltr'>Nugatrix</span> <span class='ocrx_word' id='word_1_39' title='bbox 456 574 581 614; x_wconf 84' lang='lat' dir='ltr'>acies.</span> <span class='ocrx_word' id='word_1_40' title='bbox 611 575 722 613; x_wconf 89' lang='lat' dir='ltr'>Iocus</span> <span class='ocrx_word' id='word_1_41' title='bbox 750 574 787 611; x_wconf 88' lang='lat' dir='ltr'>et</span> <span class='ocrx_word' id='word_1_42' title='bbox 814 572 1032 611; x_wconf 72' lang='lat' dir='ltr'>Petulantia</span> <span class='ocrx_word' id='word_1_43' title='bbox 1058 573 1170 621; x_wconf 90' lang='lat' dir='ltr'>primi</span> 
     </span>
    </p>

    <p class='ocr_par' dir='ltr' id='par_1_4' title="bbox 244 625 1390 787">
     <span class='ocr_line' id='line_1_9' title="bbox 247 625 1277 681; baseline -0.009 -10"><span class='ocrx_word' id='word_1_44' title='bbox 247 630 427 681; x_wconf 83' lang='lat' dir='ltr'>Cymbala</span> <span class='ocrx_word' id='word_1_45' title='bbox 454 628 678 678; x_wconf 90' lang='lat' dir='ltr'>proiiciunt:</span> <span class='ocrx_word' id='word_1_46' title='bbox 709 626 963 666; x_wconf 83' lang='lat' dir='ltr'>bellum&#39;nam</span> <span class='ocrx_word' id='word_1_47' title='bbox 990 625 1133 666; x_wconf 88' lang='lat' dir='ltr'>talibus</span> <span class='ocrx_word' id='word_1_48' title='bbox 1161 625 1277 665; x_wconf 92' lang='lat' dir='ltr'>armis</span> 
     </span>
     <span class='ocr_line' id='line_1_10' title="bbox 244 677 1390 730; baseline -0.008 -5"><span class='ocrx_word' id='word_1_49' title='bbox 244 685 459 730; x_wconf 88' lang='lat' dir='ltr'>Ludebant‚</span> <span class='ocrx_word' id='word_1_50' title='bbox 489 693 622 722; x_wconf 88' lang='lat' dir='ltr'>resono</span> <span class='ocrx_word' id='word_1_51' title='bbox 649 681 874 720; x_wconf 84' lang='lat' dir='ltr'>meditantes</span> <span class='ocrx_word' id='word_1_52' title='bbox 902 680 1060 718; x_wconf 90' lang='lat' dir='ltr'>vulnera</span> <span class='ocrx_word' id='word_1_53' title='bbox 1088 681 1214 720; x_wconf 88' lang='lat' dir='ltr'>sistro.</span> <span class='ocrx_word' id='word_1_54' title='bbox 1312 677 1390 716; x_wconf 85' lang='lat'>435</span> 
     </span>
     <span class='ocr_line' id='line_1_11' title="bbox 246 733 1266 787; baseline -0.007 -9"><span class='ocrx_word' id='word_1_55' title='bbox 246 740 324 778; x_wconf 90' lang='lat' dir='ltr'>Dat</span> <span class='ocrx_word' id='word_1_56' title='bbox 349 740 498 787; x_wconf 80' lang='lat' dir='ltr'>tergum</span> <span class='ocrx_word' id='word_1_57' title='bbox 525 735 709 785; x_wconf 83' lang='lat' dir='ltr'>fugitivus</span> <span class='ocrx_word' id='word_1_58' title='bbox 735 735 878 773; x_wconf 88' lang='lat' dir='ltr'>Amor:</span> <span class='ocrx_word' id='word_1_59' title='bbox 908 733 979 772; x_wconf 92' lang='lat' dir='ltr'>lita</span> <span class='ocrx_word' id='word_1_60' title='bbox 1005 734 1083 772; x_wconf 90' lang='lat' dir='ltr'>tela</span> <span class='ocrx_word' id='word_1_61' title='bbox 1108 743 1266 779; x_wconf 85' lang='lat' dir='ltr'>veneno,</span> 
     </span>
    </p>

    <p class='ocr_par' dir='ltr' id='par_1_5' title="bbox 244 786 1391 1052">
     <span class='ocr_line' id='line_1_12' title="bbox 244 786 1389 840; baseline -0.008 -8"><span class='ocrx_word' id='word_1_62' title='bbox 244 794 295 832; x_wconf 86' lang='lat' dir='ltr'>Et</span> <span class='ocrx_word' id='word_1_63' title='bbox 306 792 455 840; x_wconf 90' lang='lat' dir='ltr'>lapsum</span> <span class='ocrx_word' id='word_1_64' title='bbox 474 803 518 829; x_wconf 80' lang='lat' dir='ltr'>ex</span> <span class='ocrx_word' id='word_1_65' title='bbox 536 789 702 828; x_wconf 88' lang='lat' dir='ltr'>humeris</span> <span class='ocrx_word' id='word_1_66' title='bbox 721 799 863 834; x_wconf 87' lang='lat' dir='ltr'>arcum,</span> <span class='ocrx_word' id='word_1_67' title='bbox 884 788 1173 837; x_wconf 86' lang='lat' dir='ltr'>pharetramque</span> <span class='ocrx_word' id='word_1_68' title='bbox 1191 786 1389 826; x_wconf 83' lang='lat' dir='ltr'>cadentem</span> 
     </span>
     <span class='ocr_line' id='line_1_13' title="bbox 244 841 1230 893; baseline -0.006 -8"><span class='ocrx_word' id='word_1_69' title='bbox 244 846 419 885; x_wconf 89' lang='lat' dir='ltr'>Pallidus</span> <span class='ocrx_word' id='word_1_70' title='bbox 449 846 528 893; x_wconf 88' lang='lat' dir='ltr'>ipse</span> <span class='ocrx_word' id='word_1_71' title='bbox 547 845 648 882; x_wconf 91' lang='lat' dir='ltr'>metu</span> <span class='ocrx_word' id='word_1_72' title='bbox 676 854 745 882; x_wconf 89' lang='lat' dir='ltr'>sua</span> <span class='ocrx_word' id='word_1_73' title='bbox 772 842 859 890; x_wconf 91' lang='lat' dir='ltr'>post</span> <span class='ocrx_word' id='word_1_74' title='bbox 883 841 1049 890; x_wconf 84' lang='lat' dir='ltr'>vestigia</span> <span class='ocrx_word' id='word_1_75' title='bbox 1075 841 1230 890; x_wconf 86' lang='lat' dir='ltr'>linquit.</span> 
     </span>
     <span class='ocr_line' id='line_1_14' title="bbox 245 893 1260 950; baseline -0.006 -11"><span class='ocrx_word' id='word_1_76' title='bbox 245 902 389 948; x_wconf 87' lang='lat' dir='ltr'>Pompa</span> <span class='ocrx_word' id='word_1_77' title='bbox 418 898 494 950; x_wconf 90' lang='lat'>(1),</span> <span class='ocrx_word' id='word_1_78' title='bbox 526 896 752 936; x_wconf 83' lang='lat' dir='ltr'>ostentatrix</span> <span class='ocrx_word' id='word_1_79' title='bbox 779 894 871 934; x_wconf 90' lang='lat' dir='ltr'>vani</span> <span class='ocrx_word' id='word_1_80' title='bbox 899 895 1123 943; x_wconf 84' lang='lat' dir='ltr'>splendoris,</span> <span class='ocrx_word' id='word_1_81' title='bbox 1152 893 1260 934; x_wconf 89' lang='lat' dir='ltr'>inani</span> 
     </span>
     <span class='ocr_line' id='line_1_15' title="bbox 246 945 1391 999; baseline -0.009 -6"><span class='ocrx_word' id='word_1_82' title='bbox 246 953 407 993; x_wconf 85' lang='lat' dir='ltr'>Exuitur</span> <span class='ocrx_word' id='word_1_83' title='bbox 433 952 577 991; x_wconf 89' lang='lat' dir='ltr'>nudata</span> <span class='ocrx_word' id='word_1_84' title='bbox 603 950 735 999; x_wconf 79' lang='lat' dir='ltr'>peplo:</span> <span class='ocrx_word' id='word_1_85' title='bbox 767 949 927 989; x_wconf 88' lang='lat' dir='ltr'>discissa</span> <span class='ocrx_word' id='word_1_86' title='bbox 953 949 1157 988; x_wconf 90' lang='lat' dir='ltr'>trahuntur</span> <span class='ocrx_word' id='word_1_87' title='bbox 1313 945 1391 984; x_wconf 85' lang='lat'>440</span> 
     </span>
     <span class='ocr_line' id='line_1_16' title="bbox 245 1003 1237 1052; baseline -0.006 -6"><span class='ocrx_word' id='word_1_88' title='bbox 245 1009 351 1046; x_wconf 88' lang='lat' dir='ltr'>Serta</span> <span class='ocrx_word' id='word_1_89' title='bbox 379 1005 615 1052; x_wconf 88' lang='lat' dir='ltr'>Venustatis,</span> <span class='ocrx_word' id='word_1_90' title='bbox 645 1003 804 1052; x_wconf 87' lang='lat' dir='ltr'>collique</span> <span class='ocrx_word' id='word_1_91' title='bbox 833 1015 877 1042; x_wconf 86' lang='lat' dir='ltr'>ac</span> <span class='ocrx_word' id='word_1_92' title='bbox 904 1003 1057 1042; x_wconf 86' lang='lat' dir='ltr'>verticis</span> <span class='ocrx_word' id='word_1_93' title='bbox 1085 1014 1237 1042; x_wconf 85' lang='lat' dir='ltr'>aurum-</span> 
     </span>
    </p>

    <p class='ocr_par' dir='ltr' id='par_1_6' title="bbox 195 1056 1261 1108">
     <span class='ocr_line' id='line_1_17' title="bbox 195 1056 1261 1108; baseline -0.006 -8"><span class='ocrx_word' id='word_1_94' title='bbox 195 1060 199 1064; x_wconf 86' lang='lat'>&#39;</span> <span class='ocrx_word' id='word_1_95' title='bbox 246 1061 424 1107; x_wconf 87' lang='lat' dir='ltr'>Solvitur,</span> <span class='ocrx_word' id='word_1_96' title='bbox 455 1061 493 1098; x_wconf 87' lang='lat' dir='ltr'>et</span> <span class='ocrx_word' id='word_1_97' title='bbox 520 1070 688 1108; x_wconf 86' lang='lat' dir='ltr'>gemmas</span> <span class='ocrx_word' id='word_1_98' title='bbox 716 1057 913 1096; x_wconf 86' lang='lat' dir='ltr'>Discordia</span> <span class='ocrx_word' id='word_1_99' title='bbox 941 1056 1092 1095; x_wconf 83' lang='lat' dir='ltr'>dissona</span> <span class='ocrx_word' id='word_1_100' title='bbox 1118 1056 1261 1095; x_wconf 90' lang='lat' dir='ltr'>turbat.</span> 
     </span>
    </p>

    <p class='ocr_par' dir='ltr' id='par_1_7' title="bbox 247 1110 1218 1162">
     <span class='ocr_line' id='line_1_18' title="bbox 247 1110 1218 1162; baseline -0.007 -7"><span class='ocrx_word' id='word_1_101' title='bbox 247 1116 335 1154; x_wconf 91' lang='lat' dir='ltr'>Non</span> <span class='ocrx_word' id='word_1_102' title='bbox 362 1114 467 1162; x_wconf 86' lang='lat' dir='ltr'>piget</span> <span class='ocrx_word' id='word_1_103' title='bbox 495 1112 638 1151; x_wconf 84' lang='lat' dir='ltr'>attritis</span> <span class='ocrx_word' id='word_1_104' title='bbox 664 1110 820 1159; x_wconf 84' lang='lat' dir='ltr'>pedibus</span> <span class='ocrx_word' id='word_1_105' title='bbox 848 1122 914 1159; x_wconf 91' lang='lat' dir='ltr'>per</span> <span class='ocrx_word' id='word_1_106' title='bbox 941 1112 1053 1148; x_wconf 87' lang='lat' dir='ltr'>acuta</span> <span class='ocrx_word' id='word_1_107' title='bbox 1078 1110 1218 1149; x_wconf 88' lang='lat' dir='ltr'>fruteta</span> 
     </span>
    </p>

    <p class='ocr_par' dir='ltr' id='par_1_8' title="bbox 245 1164 1394 1697">
     <span class='ocr_line' id='line_1_19' title="bbox 246 1164 1231 1214; baseline -0.005 -7"><span class='ocrx_word' id='word_1_108' title='bbox 246 1170 307 1207; x_wconf 94' lang='lat' dir='ltr'>Ire</span> <span class='ocrx_word' id='word_1_109' title='bbox 336 1167 600 1214; x_wconf 84' lang='lat' dir='ltr'>Voluptatem3</span> <span class='ocrx_word' id='word_1_110' title='bbox 633 1164 809 1214; x_wconf 89' lang='lat' dir='ltr'>quoniam</span> <span class='ocrx_word' id='word_1_111' title='bbox 827 1164 885 1203; x_wconf 88' lang='lat' dir='ltr'>vis</span> <span class='ocrx_word' id='word_1_112' title='bbox 913 1164 1033 1202; x_wconf 88' lang='lat' dir='ltr'>maior</span> <span class='ocrx_word' id='word_1_113' title='bbox 1059 1165 1231 1203; x_wconf 86' lang='lat' dir='ltr'>acerbam</span> 
     </span>
     <span class='ocr_line' id='line_1_20' title="bbox 247 1211 1388 1270; baseline -0.007 -11"><span class='ocrx_word' id='word_1_114' title='bbox 247 1221 445 1270; x_wconf 88' lang='lat' dir='ltr'>Compellit</span> <span class='ocrx_word' id='word_1_115' title='bbox 471 1220 628 1258; x_wconf 88' lang='lat' dir='ltr'>tolerare</span> <span class='ocrx_word' id='word_1_116' title='bbox 656 1219 809 1267; x_wconf 85' lang='lat' dir='ltr'>fugam:</span> <span class='ocrx_word' id='word_1_117' title='bbox 841 1217 998 1256; x_wconf 82' lang='lat' dir='ltr'>formido</span> <span class='ocrx_word' id='word_1_118' title='bbox 1025 1218 1155 1266; x_wconf 86' lang='lat' dir='ltr'>pericli</span> <span class='ocrx_word' id='word_1_119' title='bbox 1309 1211 1388 1252; x_wconf 87' lang='lat'>445</span> 
     </span>
     <span class='ocr_line' id='line_1_21' title="bbox 246 1270 1317 1321; baseline -0.004 -7"><span class='ocrx_word' id='word_1_120' title='bbox 246 1275 458 1314; x_wconf 90' lang='lat' dir='ltr'>Praedurat</span> <span class='ocrx_word' id='word_1_121' title='bbox 483 1275 632 1311; x_wconf 90' lang='lat' dir='ltr'>teneras</span> <span class='ocrx_word' id='word_1_122' title='bbox 659 1272 731 1310; x_wconf 85' lang='lat' dir='ltr'>iter</span> <span class='ocrx_word' id='word_1_123' title='bbox 758 1272 807 1310; x_wconf 89' lang='lat' dir='ltr'>ad</span> <span class='ocrx_word' id='word_1_124' title='bbox 833 1271 1032 1310; x_wconf 88' lang='lat' dir='ltr'>cruciabile</span> <span class='ocrx_word' id='word_1_125' title='bbox 1062 1270 1120 1321; x_wconf 80' lang='lat'>(2)</span> <span class='ocrx_word' id='word_1_126' title='bbox 1149 1271 1317 1319; x_wconf 84' lang='lat' dir='ltr'>plantas.</span> 
     </span>
     <span class='ocr_line' id='line_1_22' title="bbox 248 1324 1390 1375; baseline -0.004 -8"><span class='ocrx_word' id='word_1_127' title='bbox 248 1331 330 1375; x_wconf 82' lang='lat' dir='ltr'>Qua</span> <span class='ocrx_word' id='word_1_128' title='bbox 357 1340 396 1367; x_wconf 90' lang='lat' dir='ltr'>se</span> <span class='ocrx_word' id='word_1_129' title='bbox 424 1338 580 1375; x_wconf 88' lang='lat' dir='ltr'>cumque</span> <span class='ocrx_word' id='word_1_130' title='bbox 608 1326 724 1374; x_wconf 86' lang='lat' dir='ltr'>fugax</span> <span class='ocrx_word' id='word_1_131' title='bbox 758 1325 912 1374; x_wconf 87' lang='lat' dir='ltr'>trepidis</span> <span class='ocrx_word' id='word_1_132' title='bbox 941 1324 1210 1363; x_wconf 83' lang='lat' dir='ltr'>fert-cursibus</span> <span class='ocrx_word' id='word_1_133' title='bbox 1237 1335 1390 1372; x_wconf 85' lang='lat' dir='ltr'>agmen,</span> 
     </span>
     <span class='ocr_line' id='line_1_23' title="bbox 246 1377 1364 1429; baseline -0.004 -8"><span class='ocrx_word' id='word_1_134' title='bbox 246 1384 395 1421; x_wconf 90' lang='lat' dir='ltr'>Damna</span> <span class='ocrx_word' id='word_1_135' title='bbox 422 1382 560 1427; x_wconf 90' lang='lat' dir='ltr'>iacent,</span> <span class='ocrx_word' id='word_1_136' title='bbox 583 1379 740 1419; x_wconf 88' lang='lat' dir='ltr'>crinalis</span> <span class='ocrx_word' id='word_1_137' title='bbox 760 1390 850 1418; x_wconf 87' lang='lat' dir='ltr'>acus</span> <span class='ocrx_word' id='word_1_138' title='bbox 871 1377 944 1429; x_wconf 86' lang='lat'>(3),</span> <span class='ocrx_word' id='word_1_139' title='bbox 966 1378 1199 1425; x_wconf 90' lang='lat' dir='ltr'>redimicula,</span> <span class='ocrx_word' id='word_1_140' title='bbox 1229 1377 1364 1425; x_wconf 88' lang='lat' dir='ltr'>vittae,</span> 
     </span>
     <span class='ocr_line' id='line_1_24' title="bbox 247 1431 1349 1483; baseline -0.005 -8"><span class='ocrx_word' id='word_1_141' title='bbox 247 1436 399 1483; x_wconf 89' lang='lat' dir='ltr'>Fibula,</span> <span class='ocrx_word' id='word_1_142' title='bbox 429 1434 693 1480; x_wconf 90' lang='lat' dir='ltr'>flammeolum,</span> <span class='ocrx_word' id='word_1_143' title='bbox 724 1432 947 1480; x_wconf 90' lang='lat' dir='ltr'>strophium,</span> <span class='ocrx_word' id='word_1_144' title='bbox 979 1432 1166 1479; x_wconf 89' lang='lat' dir='ltr'>diadema,</span> <span class='ocrx_word' id='word_1_145' title='bbox 1197 1431 1349 1470; x_wconf 89' lang='lat' dir='ltr'>monile.</span> 
     </span>
     <span class='ocr_line' id='line_1_25' title="bbox 249 1485 1394 1535; baseline -0.005 -6"><span class='ocrx_word' id='word_1_146' title='bbox 249 1490 323 1528; x_wconf 89' lang='lat' dir='ltr'>Hic</span> <span class='ocrx_word' id='word_1_147' title='bbox 352 1501 391 1528; x_wconf 88' lang='lat' dir='ltr'>se</span> <span class='ocrx_word' id='word_1_148' title='bbox 419 1488 617 1535; x_wconf 83' lang='lat' dir='ltr'>Sobrietas,</span> <span class='ocrx_word' id='word_1_149' title='bbox 648 1488 685 1525; x_wconf 91' lang='lat' dir='ltr'>et</span> <span class='ocrx_word' id='word_1_150' title='bbox 710 1487 812 1525; x_wconf 90' lang='lat' dir='ltr'>totus</span> <span class='ocrx_word' id='word_1_151' title='bbox 840 1485 1057 1524; x_wconf 89' lang='lat' dir='ltr'>Sobrietatis</span> <span class='ocrx_word' id='word_1_152' title='bbox 1314 1485 1394 1524; x_wconf 86' lang='lat'>450</span> 
     </span>
     <span class='ocr_line' id='line_1_26' title="bbox 245 1538 1331 1588; baseline -0.006 -6"><span class='ocrx_word' id='word_1_153' title='bbox 245 1543 426 1582; x_wconf 85' lang='lat' dir='ltr'>Abstinet</span> <span class='ocrx_word' id='word_1_154' title='bbox 452 1541 596 1582; x_wconf 81' lang='lat' dir='ltr'>exuviis</span> <span class='ocrx_word' id='word_1_155' title='bbox 624 1541 747 1587; x_wconf 89' lang='lat' dir='ltr'>miles,</span> <span class='ocrx_word' id='word_1_156' title='bbox 780 1540 1035 1588; x_wconf 90' lang='lat' dir='ltr'>damnataque</span> <span class='ocrx_word' id='word_1_157' title='bbox 1063 1538 1181 1578; x_wconf 85' lang='lat' dir='ltr'>castis</span> <span class='ocrx_word' id='word_1_158' title='bbox 1327 1555 1331 1558; x_wconf 95' lang='lat'>·</span> 
     </span>
     <span class='ocr_line' id='line_1_27' title="bbox 246 1593 1279 1644; baseline -0.005 -8"><span class='ocrx_word' id='word_1_159' title='bbox 246 1596 434 1636; x_wconf 86' lang='lat' dir='ltr'>Scandala</span> <span class='ocrx_word' id='word_1_160' title='bbox 461 1595 652 1644; x_wconf 87' lang='lat' dir='ltr'>proculcat</span> <span class='ocrx_word' id='word_1_161' title='bbox 678 1594 850 1642; x_wconf 88' lang='lat' dir='ltr'>pedibus,</span> <span class='ocrx_word' id='word_1_162' title='bbox 882 1605 953 1632; x_wconf 88' lang='lat' dir='ltr'>nec</span> <span class='ocrx_word' id='word_1_163' title='bbox 980 1593 1104 1631; x_wconf 86' lang='lat' dir='ltr'>fronte</span> <span class='ocrx_word' id='word_1_164' title='bbox 1131 1603 1279 1632; x_wconf 87' lang='lat' dir='ltr'>severos</span> 
     </span>
     <span class='ocr_line' id='line_1_28' title="bbox 249 1645 1286 1697; baseline -0.004 -7"><span class='ocrx_word' id='word_1_165' title='bbox 249 1651 482 1697; x_wconf 68' lang='lat' dir='ltr'>connivente</span> <span class='ocrx_word' id='word_1_166' title='bbox 510 1649 636 1688; x_wconf 88' lang='lat' dir='ltr'>oculos</span> <span class='ocrx_word' id='word_1_167' title='bbox 662 1648 884 1697; x_wconf 89' lang='lat' dir='ltr'>praedarum</span> <span class='ocrx_word' id='word_1_168' title='bbox 912 1648 961 1685; x_wconf 91' lang='lat' dir='ltr'>ad</span> <span class='ocrx_word' id='word_1_169' title='bbox 987 1645 1127 1696; x_wconf 85' lang='lat' dir='ltr'>gaudia</span> <span class='ocrx_word' id='word_1_170' title='bbox 1153 1646 1286 1686; x_wconf 88' lang='lat' dir='ltr'>flectit.</span> 
     </span>
    </p>
   </div>
   <div class='ocr_carea' id='block_1_4' title="bbox 249 1772 1396 2105">
    <p class='ocr_par' dir='ltr' id='par_1_9' title="bbox 313 1772 842 1814">
     <span class='ocr_line' id='line_1_29' title="bbox 313 1772 842 1814; baseline -0.004 -9"><span class='ocrx_word' id='word_1_171' title='bbox 313 1775 358 1814; x_wconf 90' lang='lat'>(1)</span> <span class='ocrx_word' id='word_1_172' title='bbox 378 1784 510 1814; x_wconf 77' lang='lat' dir='ltr'>pompa,</span> <span class='ocrx_word' id='word_1_173' title='bbox 535 1773 665 1805; x_wconf 87' lang='lat' dir='ltr'>comites</span> <span class='ocrx_word' id='word_1_174' title='bbox 685 1772 842 1804; x_wconf 82' lang='lat' dir='ltr'>luxuriae.</span> 
     </span>
    </p>

    <p class='ocr_par' dir='ltr' id='par_1_10' title="bbox 249 1811 1396 1931">
     <span class='ocr_line' id='line_1_30' title="bbox 312 1811 1396 1856; baseline -0.005 -9"><span class='ocrx_word' id='word_1_175' title='bbox 312 1817 358 1856; x_wconf 80' lang='lat'>(2)</span> <span class='ocrx_word' id='word_1_176' title='bbox 381 1815 585 1847; x_wconf 77' lang='lat' dir='ltr'>Cruciabile:</span> <span class='ocrx_word' id='word_1_177' title='bbox 618 1815 792 1845; x_wconf 85' lang='lat' dir='ltr'>cruciatum</span> <span class='ocrx_word' id='word_1_178' title='bbox 822 1814 965 1845; x_wconf 80' lang='lat' dir='ltr'>afferens.</span> <span class='ocrx_word' id='word_1_179' title='bbox 991 1812 1122 1843; x_wconf 85' lang='lat' dir='ltr'>Videtur</span> <span class='ocrx_word' id='word_1_180' title='bbox 1143 1811 1268 1843; x_wconf 84' lang='lat' dir='ltr'>serioris</span> <span class='ocrx_word' id='word_1_181' title='bbox 1289 1811 1396 1843; x_wconf 74' lang='lat' dir='ltr'>latini-</span> 
     </span>
     <span class='ocr_line' id='line_1_31' title="bbox 249 1854 1396 1897; baseline -0.004 -8"><span class='ocrx_word' id='word_1_182' title='bbox 249 1859 327 1889; x_wconf 87' lang='lat' dir='ltr'>tatis</span> <span class='ocrx_word' id='word_1_183' title='bbox 353 1858 525 1897; x_wconf 78' lang='lat' dir='ltr'>epitheton.</span> <span class='ocrx_word' id='word_1_184' title='bbox 546 1858 609 1888; x_wconf 88' lang='lat' dir='ltr'>Nos</span> <span class='ocrx_word' id='word_1_185' title='bbox 631 1856 722 1894; x_wconf 83' lang='lat' dir='ltr'>vulgo</span> <span class='ocrx_word' id='word_1_186' title='bbox 734 1856 881 1886; x_wconf 83' lang='lat' dir='ltr'>dicimus:</span> <span class='ocrx_word' id='word_1_187' title='bbox 904 1855 966 1885; x_wconf 84' lang='lat' dir='ltr'>iter</span> <span class='ocrx_word' id='word_1_188' title='bbox 988 1855 1144 1892; x_wconf 86' lang='lat' dir='ltr'>acerbum,</span> <span class='ocrx_word' id='word_1_189' title='bbox 1162 1854 1396 1893; x_wconf 51' lang='lat' dir='ltr'>scrupeumrin-</span> 
     </span>
     <span class='ocr_line' id='line_1_32' title="bbox 252 1900 471 1931; baseline -0.005 0"><span class='ocrx_word' id='word_1_190' title='bbox 252 1900 471 1931; x_wconf 83' lang='lat' dir='ltr'>tollerandum.</span> 
     </span>
    </p>

    <p class='ocr_par' dir='ltr' id='par_1_11' title="bbox 250 1937 1395 2105">
     <span class='ocr_line' id='line_1_33' title="bbox 314 1937 1395 1981; baseline -0.006 -8"><span class='ocrx_word' id='word_1_191' title='bbox 314 1943 358 1981; x_wconf 81' lang='lat'>(3)</span> <span class='ocrx_word' id='word_1_192' title='bbox 381 1941 524 1973; x_wconf 76' lang='lat' dir='ltr'>crinalis</span> <span class='ocrx_word' id='word_1_193' title='bbox 537 1950 629 1978; x_wconf 81' lang='lat' dir='ltr'>acus,</span> <span class='ocrx_word' id='word_1_194' title='bbox 646 1938 844 1969; x_wconf 73' lang='lat' dir='ltr'>redimicula</span> <span class='ocrx_word' id='word_1_195' title='bbox 860 1938 919 1968; x_wconf 85' lang='lat' dir='ltr'>etc.</span> <span class='ocrx_word' id='word_1_196' title='bbox 936 1938 1019 1968; x_wconf 83' lang='lat' dir='ltr'>More</span> <span class='ocrx_word' id='word_1_197' title='bbox 1035 1938 1140 1969; x_wconf 85' lang='lat' dir='ltr'>nostro</span> <span class='ocrx_word' id='word_1_198' title='bbox 1153 1946 1164 1967; x_wconf 89' lang='lat'>.·</span> <span class='ocrx_word' id='word_1_199' title='bbox 1185 1937 1236 1976; x_wconf 74' lang='lat' dir='ltr'>qli</span> <span class='ocrx_word' id='word_1_200' title='bbox 1249 1937 1330 1977; x_wconf 70' lang='lat' dir='ltr'>aqln‘</span> <span class='ocrx_word' id='word_1_201' title='bbox 1350 1937 1395 1968; x_wconf 82' lang='lat' dir='ltr'>da</span> 
     </span>
     <span class='ocr_line' id='line_1_34' title="bbox 250 1979 1393 2020; baseline -0.004 -6"><span class='ocrx_word' id='word_1_202' title='bbox 250 1987 344 2020; x_wconf 82' lang='lat' dir='ltr'>testa,</span> <span class='ocrx_word' id='word_1_203' title='bbox 368 1985 381 2013; x_wconf 79' lang='lat' dir='ltr'><strong><em>i</em></strong></span> <span class='ocrx_word' id='word_1_204' title='bbox 402 1984 525 2018; x_wconf 81' lang='lat' dir='ltr'>nastri,</span> <span class='ocrx_word' id='word_1_205' title='bbox 550 1983 579 2013; x_wconf 85' lang='lat' dir='ltr'>le</span> <span class='ocrx_word' id='word_1_206' title='bbox 601 1981 714 2017; x_wconf 75' lang='lat' dir='ltr'>bonde,</span> <span class='ocrx_word' id='word_1_207' title='bbox 737 1980 764 2010; x_wconf 84' lang='lat' dir='ltr'>il</span> <span class='ocrx_word' id='word_1_208' title='bbox 784 1980 972 2019; x_wconf 76' lang='lat' dir='ltr'>fermaylio‚</span> <span class='ocrx_word' id='word_1_209' title='bbox 995 1981 1022 2010; x_wconf 77' lang='lat' dir='ltr'>il</span> <span class='ocrx_word' id='word_1_210' title='bbox 1037 1980 1103 2010; x_wconf 81' lang='lat' dir='ltr'>velo</span> <span class='ocrx_word' id='word_1_211' title='bbox 1118 1979 1393 2019; x_wconf 73' lang='lat' dir='ltr'>fiammeqye’ante,</span> 
     </span>
     <span class='ocr_line' id='line_1_35' title="bbox 251 2021 1392 2063; baseline -0.004 -8"><span class='ocrx_word' id='word_1_212' title='bbox 251 2027 285 2055; x_wconf 86' lang='lat' dir='ltr'>la</span> <span class='ocrx_word' id='word_1_213' title='bbox 307 2026 413 2063; x_wconf 80' lang='lat' dir='ltr'>fascia</span> <span class='ocrx_word' id='word_1_214' title='bbox 429 2026 482 2055; x_wconf 83' lang='lat' dir='ltr'>del</span> <span class='ocrx_word' id='word_1_215' title='bbox 490 2027 591 2063; x_wconf 80' lang='lat' dir='ltr'>petto,</span> <span class='ocrx_word' id='word_1_216' title='bbox 607 2024 635 2054; x_wconf 74' lang='lat' dir='ltr'>il</span> <span class='ocrx_word' id='word_1_217' title='bbox 649 2023 814 2059; x_wconf 78' lang='lat' dir='ltr'>diadema,</span> <span class='ocrx_word' id='word_1_218' title='bbox 829 2021 857 2051; x_wconf 77' lang='lat' dir='ltr'>il</span> <span class='ocrx_word' id='word_1_219' title='bbox 870 2022 990 2052; x_wconf 85' lang='lat' dir='ltr'>monile</span> <span class='ocrx_word' id='word_1_220' title='bbox 996 2032 1011 2061; x_wconf 88' lang='lat'><em>;</em></span> <span class='ocrx_word' id='word_1_221' title='bbox 1033 2030 1112 2059; x_wconf 79' lang='lat' dir='ltr'>quae</span> <span class='ocrx_word' id='word_1_222' title='bbox 1126 2021 1231 2052; x_wconf 81' lang='lat' dir='ltr'>omnia</span> <span class='ocrx_word' id='word_1_223' title='bbox 1253 2021 1292 2052; x_wconf 74' lang='lat' dir='ltr'>ad</span> <span class='ocrx_word' id='word_1_224' title='bbox 1306 2029 1392 2052; x_wconf 84' lang='lat' dir='ltr'>mun-</span> 
     </span>
     <span class='ocr_line' id='line_1_36' title="bbox 251 2065 720 2105; baseline -0.002 -8"><span class='ocrx_word' id='word_1_225' title='bbox 251 2068 324 2097; x_wconf 83' lang='lat' dir='ltr'>dum</span> <span class='ocrx_word' id='word_1_226' title='bbox 346 2067 529 2098; x_wconf 86' lang='lat' dir='ltr'>muliebrem</span> <span class='ocrx_word' id='word_1_227' title='bbox 550 2065 720 2105; x_wconf 84' lang='lat' dir='ltr'>pertinent.</span> 
     </span>
    </p>
   </div>
   <div class='ocr_carea' id='block_1_5' title="bbox 693 2133 958 2142">
    <p class='ocr_par' dir='ltr' id='par_1_12' title="bbox 693 2133 958 2142">
     <span class='ocr_line' id='line_1_37' title="bbox 693 2133 958 2142; baseline 0 340"><span class='ocrx_word' id='word_1_228' title='bbox 693 2133 958 2142; x_wconf 95' lang='lat' dir='ltr'> </span> 
     </span>
    </p>
   </div>
   <div class='ocr_carea' id='block_1_6' title="bbox 1526 1037 1566 2482">
    <p class='ocr_par' dir='ltr' id='par_1_13' title="bbox 1526 1037 1566 2482">
     <span class='ocr_line' id='line_1_38' title="bbox 1526 1037 1566 2482; baseline 0 0"><span class='ocrx_word' id='word_1_229' title='bbox 1526 1037 1566 2482; x_wconf 95' lang='lat' dir='ltr'> </span> 
     </span>
    </p>
   </div>
  </div>
 </body>
</html>
