1566 2482
21 2422 41 2482 θήν,

397 185 540 219 comm
566 174 760 218 s'nnrAcm
779 187 992 217 ona-nomm
1181 177 1259 218 187
1311 192 1321 201 ·

175 300 290 340 Collis
317 298 498 338 Aventini
523 308 686 336 convexa
713 297 753 340 111
782 297 867 335 sede
895 296 1122 349 frequentat.

120 355 320 394 Thebanus
347 351 493 391 iuvenis
507 381 510 384 -
523 351 583 400 (1)
621 351 806 400 superatis
835 351 879 389 fit
908 351 997 389 deus
1025 350 1148 398 Indis,

173 410 352 447 Successu
379 404 467 444 dum
493 405 610 444 victor
638 416 754 443 ovans
781 404 942 452 lascivit,
971 406 1009 442 et
1035 416 1169 442 aurum

175 461 350 510 Captivae
377 459 503 508 gentis
530 457 686 506 revehit,
718 459 919 507 spoliisque
947 459 1127 506 superbus

174 514 320 554 Diffiuit
347 514 387 551 in
414 513 541 551 luxum
567 524 653 551 cum
673 512 845 551 semiviro
867 511 926 562 (2)
946 511 1148 558 comitatu;
1182 510 1257 549 125

174 571 297 617 Atque
325 567 458 606 avidus
485 566 566 604 vini
592 566 708 604 multo
737 578 775 604 se
803 567 942 614 proluit
968 565 1120 612 haustu,

174 621 407 661 Gemmantis
434 621 582 668 paterae
611 619 768 668 spumis,
798 621 991 668 mustoque
1020 619 1178 658 Falerno
1198 619 1258 668 (3)

174 676 407 715 Perfundens
434 673 603 721 biiugum
629 673 796 712 rorantia
822 675 929 722 terga
957 673 1133 711 ferarum.

175 730 249 768 His
275 738 389 767 nunc'
403 739 467 776 pro
494 726 637 766 meritis
663 727 811 766 Baccho
838 739 948 775 caper
975 727 1146 766 omnibus
1173 727 1249 765 aris

175 783 348 822 Caeditur
389 782 450 831 (4)
473 811 482 829 ,
526 783 564 818 et
598 780 738 820 virides
775 780 993 820 discindunt
1033 792 1094 819 ore
1134 780 1258 829 chely-

960 834 1045 872 dros
1075 834 1151 884 (5),
1184 834 1260 872 130

166 890 246 938 Qui
264 888 453 928 Bromium
466 889 613 937 placare
627 887 782 927 volunt:
795 888 892 947 quod
911 889 948 926 et
960 887 1085 926 ebria
1075 899 1152 926 lam
1169 889 1260 926 tunc

175 946 275 983 Ante
302 943 427 982 oculos
454 942 553 991 regis
581 943 794 990 Satyrorum
821 942 972 980 insania
999 941 1110 980 fecit:

174 998 224 1036 Et
250 997 381 1036 fecisse
407 1007 489 1034 reor
516 995 678 1034 stimulis
705 995 904 1034 furialibus
930 995 1033 1043 ipsas

174 1051 392 1097 Maenadas,
409 1049 666 1088 inflammante
679 1060 778 1088 mero
793 1050 831 1087 in
846 1049 967 1088 scelus
981 1060 1087 1087 omne
1100 1050 1257 1088 rotatas.

174 1105 256 1143 Hoc
282 1103 585 1143 circumsaltante
613 1103 738 1150 choro,
758 1102 986 1153 temulentus
1005 1102 1152 1142 adulter
1183 1103 1259 1159 135

174 1158 328 1197 Invenit
352 1155 561 1218 'expositum
588 1155 719 1195 secreti
746 1156 787 1194 in
813 1156 934 1195 litoris
961 1158 1047 1195 acta

176 1213 345 1260 Corporis
371 1211 515 1260 egregii
542 1211 703 1250 scortum
733 1209 809 1260 (6),
840 1211 938 1259 quod
966 1210 1129 1259 perfidus
1155 1209 1234 1249 11110

186 1373 232 1412 (1)
258 1372 431 1404 Thebanus
452 1372 590 1405 iuvenis.
611 1371 762 1408 Bacchus,
785 1380 839 1402 seu
853 1372 1006 1411 Bromius,
1022 1372 1111 1402 cuius
1126 1372 1262 1403 nominis

122 1415 263 1447 ethimon
285 1415 375 1445 docet
396 1414 488 1447 Ovm.
510 1415 587 1444 Met.
610 1414 666 1444 IV.
696 1414 943 1445 Cniurnmnnvs
975 1416 1080 1444 noster
1107 1414 1261 1453 interpres

123 1455 296 1488 cuncta'de
316 1456 439 1486 Baccho
460 1464 581 1486 morosa
601 1455 767 1492 diligentia
789 1457 996 1494 persequitur.

186 1499 231 1536 (2)
252 1507 326 1528 cum
341 1498 495 1528 semiviro
510 1498 685 1528 mmitatu:
700 1506 771 1528 cum
793 1497 983 1528 mollioribus
1011 1498 1045 1528 et
1074 1497 1262 1529 effeminatis

59 1536 70 1544 '
123 1540 300 1571 comitibus,
323 1539 512 1570 Hemistich.
529 1538 738 1575 virgilianum
760 1539 908 1569 habemus
922 1539 1058 1572 Aeneia.
1074 1539 1129 1576 lv,
1144 1540 1218 1572 215.

188 1581 235 1620 (3)
255 1583 424 1620 mustoque
445 1580 598 1613 Falerno.
609 1581 814 1612 officinatoris
837 1579 981 1627 σφάλμα
1001 1581 1161 1612 vitaturus
1175 1581 1262 1613 Gust-

124 1636 216 1662 111110
236 1628 364 1666 scripsit.
383 1628 468 1658 reete
489 1628 653 1667 multoque
673 1629 815 1664 salerno.

187 1670 233 1709 (4)
254 1670 381 1700 Baccho
403 1679 537 1709 caper...
553 1670 714 1701 caeditur.
737 1669 870 1701 Senvws
891 1670 931 1701 ad
947 1670 1068 1708 Virgilii
1091 1670 1201 1708 Georg.
1217 1671 1260 1707 11,

124 1711 204 1742 380:
230 1722 248 1740 «
270 1711 369 1751 Quum
397 1713 531 1750 primum
559 1713 754 1760 cognovisset
780 1712 920 1742 Bacchus
942 1712 1024 1743 vites
1045 1713 1106 1742 sibi
1128 1721 1148 1743 a
1169 1721 1261 1751 capro

125 1762 211 1784 rosas
232 1752 338 1788 fuisse,
361 1762 432 1784 eum
454 1753 555 1784 occidi
577 1754 715 1787 iussisse
732 1755 826 1792 atque
841 1762 880 1784 ex
901 1755 969 1785 eius
991 1754 1068 1792 pelle
1090 1755 1193 1785 utrem
1217 1755 1261 1785 fe·

125 1795 204 1827 cisse
225 1796 259 1825 et
279 1795 352 1825 vino
373 1795 550 1834 implevisse
571 1795 604 1830 in
625 1796 774 1826 ultionem
795 1796 924 1826 admissi
945 1795 1124 1828 sceleris.»

187 1837 232 1875 (5)
251 1837 456 1867 Discindunt
469 1846 523 1868 ore
536 1837 714 1876 chelydros.
729 1838 902 1868 Mvun'rvs
892 1847 924 1868 111
937 1838 1110 1869 Catulliano
1124 1839 1263 1869 carmine

125 1890 143 1907 «
159 1878 203 1909 De
224 1878 343 1917 nuptiis
364 1878 448 1913 Pelei
469 1880 503 1910 et
523 1879 678 1917 Thetydos
693 1890 711 1908 »
733 1881 825 1910 notat
850 1879 954 1910 furens
975 1880 1140 1910 mulierum
1165 1889 1262 1917 genus

124 1919 280 1950 Bacchum
300 1919 483 1958 colentium,
502 1921 540 1951 in
557 1921 608 1951 dei
630 1922 729 1952 sacris
748 1922 889 1952 coronari
910 1930 1070 1954 consuesse
1089 1924 1186 1960 caput
1197 1930 1262 1953 ser-

124 1962 282 2000 pentibus,
291 1961 466 1993 istiusmodi
476 1971 578 1998 sacra..
592 1972 672 2001 quae
679 1963 796 1994 Romae
807 1965 893 1994 certo
903 1965 964 1994 tem
969 1972 1040 2000 poro
1052 1965 1261 2001 occurrerent,

125 2018 163 2040 011.
183 2009 391 2048 turpitudinis
415 2011 491 2041 110111,
516 2011 643 2041 suerunt
667 2011 783 2047 inusta,
807 2013 843 2041 ut
856 2020 907 2042 au.
925 2005 1020 2042 ffiI
1037 2011 1144 2042 Livius
1156 2011 1263 2042 tradat

124 2051 220 2082 fuisse
241 2059 281 2081 ex
301 2060 332 2082 s.
352 2051 491 2082 consulto
512 2053 681 2091 prohibita.
706 2053 744 2083 V.
769 2053 838 2083 Lm.
862 2054 898 2085 L.
921 2053 1070 2089 XXXIX,
1095 2054 1126 2084 8.

187 2093 232 2132 (6)
253 2097 409 2124 scortum.
433 2094 598 2131 Neaeram,
620 2103 675 2125 seu
695 2095 792 2126 etiam
807 2095 975 2126 Ariadnem
990 2095 1117 2131 Minois,
1134 2095 1262 2126 Creten-

125 2134 208 2167 sium
227 2135 311 2173 regis
333 2135 444 2174 filiam,
467 2143 563 2174 quam
582 2136 724 2168 Bacchus
743 2137 806 2168 sibi
832 2138 901 2168 iure
922 2137 1119 2169 matrimonii
1140 2137 1273 2173 10111111,μ
