1566 2482
586 205 808 234 Aeomnoffls
1222 199 1270 237 21

124 319 228 359 Haec
255 319 332 366 ait;
363 321 401 358 et
427 320 550 359 varios
578 320 683 360 iubet
710 321 958 361 obmutescere
986 323 1136 370 cantus,

123 373 291 422 Organa,
313 374 525 422 sambucas,
547 374 726 423 citharas,
748 375 997 424 calamosque,
1018 377 1215 425 tubasque.

123 427 246 466 Stulta
273 427 486 476 superstitio
513 428 654 481 tacuit:
686 440 756 468 vox
783 429 880 468 festa
907 430 1063 478 quievit,

123 481 223 528 Quae
259 481 355 520 male
391 481 610 530 conspicuae
651 482 712 532 (1)
752 483 962 522 celebrabat
998 484 1175 532 imaginis
1207 496 1271 522 au-

1060 536 1170 588 [rum.
1195 538 1271 576 150

125 587 300 626 Carmina
337 584 556 628 sanctorum
579 589 638 639 (2)
667 592 845 629 resonant
872 591 947 629 iam
975 591 1054 629 sola
1091 591 1268 639 virorum,

122 640 281 689 Triplice
309 644 490 681 concentu
517 644 657 692 Regem
684 644 880 682 laudantia
908 644 1016 692 caeli,
1043 654 1047 658 ’

122 694 193 740 Qui
219 706 334 743 mare,
365 696 430 744 qui
456 697 588 745 terras,
620 697 684 746 qui
711 698 836 736 lucida
864 697 986 737 sidera
1014 698 1116 746 fecit,

121 748 282 796 Ignibus
309 751 346 788 et
372 750 504 789 mediis
532 762 679 790 securos
706 752 799 790 texit
826 751 1010 791 alumnos.

121 802 268 850 Semper
295 802 336 841 in
363 803 543 842 auxilium
571 816 689 851 sermo
717 806 843 844 Patris
870 806 1134 854 omnipotentis
1193 806 1268 846 155

121 855 323 894 Descendit
349 858 530 896 servando
557 859 722 897 homini:
753 859 928 898 mortalia
957 871 1101 909 semper

120 909 372 948 Admiscenda
399 911 471 950 sibi
498 913 645 961 proprio
673 913 818 952 curavit
846 925 991 952 amore:

120 962 172 1001 Vt
198 963 375 1002 socianda
402 976 487 1004 caro
502 965 579 1016 (3),
597 966 827 1015 Dominoque
854 967 1043 1015 implenda
1069 968 1238 1015 perenni,

120 1016 346 1065 Degenerem
374 1018 505 1067 vitam,
528 1031 622 1068 quae
649 1021 740 1059 tunc
767 1020 944 1059 animalis
971 1021 1120 1070 agebat,
1154 1021 1213 1070 (4)

118 1069 294 1118 Exemplo
322 1073 483 1111 mutaret
513 1073 606 1112 Heri
627 1073 704 1124 (5),
726 1074 936 1123 similesque
964 1087 1028 1123 per
1055 1076 1159 1113 artus
1190 1075 1265 1114 160

119 1123 272 1162 Cernere
299 1127 506 1164 consortem
533 1127 668 1166 terreni
696 1128 928 1167 adsuesceret
954 1129 1051 1175 oris;

118 1177 416 1228 Participemque
445 1192 553 1219 suum
581 1181 664 1220 visu
692 1181 796 1220 velut
823 1182 948 1221 obside
976 1193 1100 1229 nosse,

117 1230 167 1268 Et
194 1231 472 1281 consanguineo
498 1234 697 1283 paullatim
725 1236 895 1274 accedere
924 1236 1084 1275 Christo

116 1283 218 1332 Ergo
245 1286 420 1326 animalis
438 1287 547 1327 homo
565 1289 776 1337 quondam3
807 1301 910 1328 nunc
928 1289 1088 1338 Spiritus
1106 1289 1214 1328 illum

115 1337 325 1378 Transtulit
352 1341 400 1378 ad
428 1342 551 1390 superi
578 1344 752 1381 naturam
780 1343 947 1391 seminis,
977 1343 1101 1392 ipsum
1186 1343 1261 1382 165

115 1390 354 1432 Infundendo
381 1395 515 1442 Deum,
545 1396 718 1434 mortalia
746 1397 1012 1436 vivificantem.

115 1444 227 1484 Nunc
254 1457 352 1486 nova
379 1449 551 1488 materies
580 1449 658 1500 (6),
675 1450 836 1489 solidata
863 1451 1045 1490 intercute
1073 1451 1181 1498 flatu,

115 1498 304 1547 Materies,
336 1502 400 1539 sed
427 1504 555 1541 nostra
582 1505 729 1551 tamem
760 1504 804 1543 de
833 1505 988 1554 Virgine
1014 1506 1150 1552 tracta,

158 1675 203 1715 (l)
228 1677 440 1716 Compicuae.
457 1679 531 1712 Scil.
558 1692 575 1709 «
596 1682 721 1713 statuae
739 1691 769 1717 »;
793 1682 864 1713 vet.
889 1682 991 1719 glossa
1013 1683 1131 1714 codicis
1146 1683 1252 1715 Vatia.

157 1717 206 1758 (2)
237 1717 400 1751 Carmina
423 1725 568 1753 sanctor.
597 1723 682 1754 Haec
709 1723 890 1754 referuntur
924 1724 965 1754 ad
998 1724 1124 1756 Cautio.
1151 1722 1253 1755 trium

112 1767 291 1798 puerorum,
314 1763 352 1794 de
373 1771 433 1800 quo
454 1764 492 1796 V.
515 1765 648 1795 Dilmun.
671 1766 730 1801 111,
754 1766 807 1798 51.

155 1799 204 1842 (3)
237 1802 279 1832 Ut
305 1805 462 1835 socianda
489 1815 620 1840 carm...
650 1817 669 1836 «
696 1807 876 1838 Humanum
905 1814 1004 1844 genus
1037 1808 1255 1838 incarnatione

111 1846 172 1876 τοῦ
195 1841 302 1890 λόγου
317 1847 556 1879 consociandum
567 1849 642 1886 Deo,
659 1850 697 1879 ut
709 1849 767 1880 fiat
781 1849 868 1880 velut
881 1849 1004 1888 plenum
1019 1849 1076 1880 Dei
1090 1860 1121 1881 ».
1134 1850 1253 1882 Tutor..

157 1889 204 1929 (4)
225 1889 386 1922 animalis
407 1889 530 1929 aqebat.
554 1890 590 1922 V.
614 1891 646 1922 S.
670 1890 767 1923 PAVL.
792 1891 831 1921 ad
856 1891 970 1930 Ephes.
997 1892 1047 1922 11.

155 1932 201 1971 (5)
224 1932 370 1972 exemplo
390 1934 536 1962 mutaret
562 1933 660 1970 Heri,
681 1933 750 1965 scil.
777 1944 795 1961 «
817 1932 935 1965 Christi
961 1933 1122 1964 incarnati
1142 1933 1200 1964 Dei
1221 1944 1254 1965 ».

111 1973 230 2005 ΤΗι-ῑοι.

153 2015 202 2055 (6)
224 2016 324 2046 Nunc
337 2024 420 2045 nova
434 2017 590 2046 mater-tes
610 2016 753 2047 solidata
777 2017 939 2046 intercute
953 2017 1053 2053 flatu,
1070 2016 1131 2048 Hic
1146 2025 1254 2047 versus

110 2058 144 2088 et
163 2059 243 2095 tres,
262 2058 316 2096 qui
331 2060 515 2094 sequuntur,
528 2058 721 2089 obscuritate
739 2059 871 2095 quadam
890 2058 1104 2090 involvuntur.
1117 2058 1253 2090 Grum-

35 2094 41 2100 '
72 2118 74 2120 v
110 2107 231 2131 unnvs
243 2121 254 2138 ‚
289 2098 504 2146 παράφρασιν
524 2108 614 2130 suam
636 2102 799 2138 sequutus,
826 2100 858 2130 in
879 2101 961 2131 bona
974 2099 1043 2131 luce
1064 2100 1112 2131 ita
1126 2109 1177 2132 eos
1192 2100 1254 2131 col-

109 2145 212 2178 locare
232 2147 374 2178 studuit:
399 2157 417 2176 «
433 2147 522 2178 Nunc
537 2156 618 2179 nova
633 2149 792 2185 materies,
809 2148 973 2187 corporata
987 2147 1101 2179 Sancto
1115 2147 1252 2187 Spiritu,
1297 2195 1301 2198 -
