1566 2482
19 0 99 23 κεῖτ’·

108 0 143 11 ἣν

149 0 716 41 “dvfflwwwr‘

1391 58 1395 66 .

228 134 305 174 172
602 147 754 176 AanLn
781 147 984 177 PRVDENTII

228 268 251 291 ‹<
279 254 400 295 inter
425 254 676 307 praecipua,
707 255 945 296 Ammiano
971 254 1132 309 iudice,
1161 256 1362 307 exempla

227 334 250 357 ‹<
279 321 582 360 doctrinarum
600 322 646 360 et
662 321 906 361 modestiae
924 322 1237 363 numerandus.
1256 322 1362 362 Per-

225 399 247 422 «
276 386 371 426 dita
408 387 506 427 eius
547 387 762 427 Oratione
799 387 848 426 in
892 387 1095 428 Vettium
1137 388 1360 438 Agorium

225 466 247 488 ‹<
276 453 623 504 praetextatum,
666 453 792 493 ouius
829 453 1035 494 meminit
1069 454 1149 494 lib.
1179 454 1202 493 I
1230 453 1358 504 epist.

225 531 247 553 «
277 517 383 568 LII,
417 518 610 568 aliisque
647 517 849 570 scriptis,
875 521 1040 571 estant,
1070 519 1358 569 epistolarum

225 596 246 618 «
276 582 333 622 ad
361 583 561 623 diversos
588 583 695 623 libri
724 584 769 622 X
797 589 899 634 post
926 584 1022 625 eius
1050 585 1220 625 obitum
1247 583 1359 624 editi

225 661 246 683 «
275 659 303 687 a
319 647 412 688 filio
432 649 484 697 Q.
504 648 663 689 Flavio
682 649 885 690 Memmio
907 649 1171 700 Symmacho
1191 649 1246 688 V.
1268 649 1351 696 Ol„

224 727 246 749 «
276 725 466 763 quorum
507 714 624 754 liber
659 716 910 764 postremus
966 715 1109 754 Plinii
1161 714 1359 754 Iunioris

223 792 245 814 «
275 778 527 820 imitatione
555 780 741 821 exhibet
758 781 974 830 epistulas
993 781 1184 831 scriptas
1204 780 1262 820 ad
1279 779 1358 819 im-

223 857 245 879 «
274 846 511 893 peratores.
556 845 705 885 Huius
745 845 853 885 libri
899 846 1090 896 epistola
1131 846 1241 885 LXI
1287 847 1355 886 cst

223 923 244 943 «
274 909 462 950 celebris
490 910 570 950 illa
605 910 772 950 Relatio
792 923 874 962 pro
904 923 984 950 ara
1026 911 1232 950 Victoriae
1268 909 1357 949 Va-

222 988 244 1010 «
272 974 523 1015 lentiniano
561 976 728 1026 oblata3
767 977 846 1016 sed
881 976 1055 1017 fructus
1092 987 1275 1028 expers,
1312 977 1358 1016 et

221 1052 243 1074 «
272 1039 511 1079 Ambrosio
530 1040 861 1090 Prudentioque
875 1041 1007 1080 valde
1021 1040 1264 1081 confutata.
1277 1039 1356 1079 Re-

221 1117 242 1139 «
274 1103 444 1143 lationis
473 1104 728 1155 Symmachi
750 1117 832 1156 pro
870 1119 950 1145 ara
982 1105 1190 1145 Victoriae
1218 1107 1275 1145 A.
1307 1106 1355 1146 O.

220 1182 241 1205 «
272 1168 637 1209 CCCLXXXIV
681 1170 1004 1211 Valentiniano
1052 1171 1230 1211 oblatae
1270 1181 1358 1210 me-

219 1248 242 1270 «
270 1233 404 1273 minit
431 1236 473 1274 30¹.
503 1235 695 1285 Prosper
722 1236 778 1276 de
796 1236 1176 1277 Promissionibus
1204 1248 1245 1286 p.
1275 1236 1353 1275 102
1412 1252 1415 1254 ·

219 1313 241 1334 «
271 1298 343 1339 his
372 1299 538 1340 verbis:
580 1301 818 1341 Theodosii
846 1314 951 1342 vero
994 1301 1192 1352 religiosi
1233 1301 1355 1351 prin-

219 1378 241 1400 «
270 1364 383 1414 cipis
423 1365 610 1416 imperio
650 1378 731 1417 per
759 1367 936 1407 lovium
964 1369 1010 1407 et
1051 1366 1354 1407 Gaudentium

218 1443 240 1465 «
266 1429 460 1471 Comites
488 1432 638 1471 omnia
664 1433 830 1482 templa
848 1433 1083 1484 expoliata,
1103 1444 1216 1483 quae
1234 1443 1352 1472 vana

217 1509 239 1531 ‹<
267 1495 478 1545 figmenta
491 1497 593 1547 quis
609 1500 809 1538 nostrum
824 1498 1099 1548 permittitur
1114 1497 1350 1548 ignorare?

216 1573 238 1595 «
268 1560 354 1600 Oui
370 1561 662 1612 Symmachus
674 1562 752 1603 ille
764 1562 959 1603 mirabili
969 1563 1146 1614 eloquio
1157 1564 1202 1604 et
1211 1562 1353 1604 seien-

214 1639 236 1661 «
265 1625 329 1665 tia
347 1627 588 1680 praeditus,
609 1630 758 1669 tamen
774 1640 988 1681 paganus,
1004 1629 1243 1680 pra-econio
1256 1629 1351 1668 lau-

215 1704 237 1727 «
266 1683 372 1730 dum
387 1692 435 1731 in
449 1694 713 1734 consistorio
732 1693 929 1746 recitato,
951 1694 1110 1735 subtili
1130 1696 1236 1746 arte,
1259 1698 1349 1744 qua

214 1769 237 1792 «
266 1756 420 1809 valuit,
450 1770 572 1798 aram
611 1758 837 1799 Victoriae
879 1759 928 1798 in
970 1761 1128 1799 senatu
1169 1758 1347 1799 restitui

213 1834 236 1857 «
266 1821 537 1874 Christiano,
565 1825 616 1863 ut
646 1826 849 1875 noverat,
881 1824 1077 1874 principi
1106 1823 1348 1864 intimavit.

213 1899 235 1922 «
266 1887 407 1935 Quem
435 1889 586 1928 statim
618 1901 645 1928 a
677 1889 770 1929 suis
799 1889 1056 1939 aspectibus
1088 1889 1267 1939 pulsum
1300 1889 1350 1928 in

212 1964 235 1987 ‹<
264 1953 505 1993 centesimo
545 1954 724 2004 lapidae
765 1954 930 1994 rhedae
956 1966 1048 1994 non
1077 1956 1244 1995 stratae
1271 1954 1350 1993 im-

212 2029 234 2052 «
263 2017 457 2066 positum
485 2030 537 2058 ea
555 2019 627 2059 die
648 2031 824 2060 manere
843 2018 1067 2070 praecepit
1087 2035 1124 2059 >›.
1147 2019 1342 2060 Hauries

209 2080 397 2124 fortasse
437 2084 644 2125 uberiora
671 2085 725 2126 de
756 2085 1021 2136 Symmacho
1050 2085 1101 2124 in
1137 2084 1346 2126 Historia

1556 398 1566 442 ,ΛΑ
1559 290 1566 391 1-—2—
