1566 2482
0 2004 3 2009 ν
0 1966 9 1986 w
0 1916 6 1960 -νη-
0 1801 14 1910 ,Ὕηςμ--ψ
0 1786 3 1794 ἡ
0 1770 3 1775 v
0 1746 5 1750 .

404 484 448 556 ξε)
490 463 732 551 CONTRA
773 482 1161 549 SYMMACHVM

263 815 379 856 Ecce
393 826 514 854 nunc
527 813 627 865 tibi,
645 813 841 863 benigne
855 812 1007 865 lector,
1026 811 1228 862 insignes
1246 810 1351 852 illos

206 881 347 922 libros
374 881 476 933 duo,
503 892 615 931 quos
642 874 773 930 ‘poeta
799 881 951 920 noster
977 878 1185 920 versibus
1213 878 1348 918 hexa-

208 947 363 987 metris
376 946 615 987 exharavit
629 945 1002 996 pubblicavitque
1016 946 1171 986 contra
1186 944 1238 994 Q.
1254 945 1350 983 Au-

205 1013 367 1054 relium
397 1013 710 1063 Symmachum
738 1011 908 1062 viginti
926 1013 1030 1062 post
1048 1011 1195 1063 annis,
1217 1022 1352 1062 quam

209 1078 252 1118 S.
268 1077 536 1119 Ambrosius
555 1077 959 1118 Mediolanensium
977 1077 1196 1129 pontifex,
1211 1075 1351 1117 missa

206 1143 395 1195 epistola
412 1144 470 1183 ad
498 1144 786 1194 imperatores
802 1142 1187 1195 Valentinianum,
1206 1143 1348 1187 Theo-

207 1209 379 1251 dosium
408 1212 454 1250 et
483 1209 728 1250 Arcadium
756 1210 904 1260 palam
932 1209 1113 1250 fecisset
1158 1209 1351 1249 maximo

207 1276 256 1316 in
271 1285 418 1317 errore
436 1276 620 1328 versari,
640 1275 679 1316 si
699 1276 803 1327 quis
822 1268 948 1327 velit,
967 1276 1036 1315 uti
1057 1275 1351 1326 Symmachus
1370 1315 1372 1317 .

206 1353 464 1394 perversum
480 1342 676 1382 Deorum
691 1342 891 1383 cultum
878 1353 929 1381 111
947 1342 1112 1392 vulgus
1130 1352 1350 1393 reparare,

208 1409 344 1458 atque
359 1407 402 1445 V
403 1405 588 1447 ictoriae
608 1419 729 1447 aram
748 1408 797 1447 in
813 1400 971 1448 senatu
989 1407 1180 1459 reficere,
1201 1418 1351 1457 quem-

208 1473 445 1514 admodum
473 1474 550 1519 λὰΕ
584 1472 682 1522 ὀδάξ
710 1473 812 1513 urbi
833 1472 1085 1523 praefectus
1104 1471 1350 1513 contendit.

261 1547 358 1588 Iam
393 1559 501 1588 vero
544 1546 599 1586 de
642 1545 907 1598 Symmacho
949 1545 1047 1596 ipso
1074 1545 1224 1596 placet
1263 1543 1351 1584 tibi

207 1613 466 1666 describere,
496 1624 611 1664 quae
639 1610 688 1651 in
718 1611 1029 1652 Bibliothecae
1057 1610 1246 1650 Latinae
1280 1609 1346 1650 Io.

209 1679 426 1720 Albertus
467 1677 701 1719 Fabricius
741 1678 832 1718 vol.
876 1677 1099 1729 II,Lib1·.
1119 1675 1216 1729 III,
1255 1687 1351 1727 cap.

209 1744 336 1798 XIV,
363 1757 406 1796 p.
435 1747 514 1785 124
542 1744 756 1795 scliptum
784 1743 981 1795 reliquit.

263 1824 286 1847 ‹<
315 1811 370 1859 Q.
396 1810 609 1851 Aurelius
639 1810 699 1861 S)
704 1810 932 1850 mmachus
966 1810 1224 1862 Romanus,
1248 1789 1348 1848 Vir

210 1890 231 1911 ‹<
261 1875 522 1916 Consularis
551 1877 596 1916 et
622 1875 874 1926 praefectus
904 1875 1042 1926 urbis,
1063 1886 1224 1915 causae
1243 1885 1350 1925 gen-

210 1955 232 1977 «
261 1940 375 1980 tium
403 1941 617 1982 adversus
646 1941 931 1982 Christianos
969 1940 1179 1991 pertinax
1207 1942 1253 1982 et
1281 1940 1350 1979 in-

210 2022 232 2044 «
262 2007 472 2057 geniosus
499 2010 692 2049 assertor
719 2007 983 2048 Valentiani
1010 2007 1071 2059 II,
1110 2005 1349 2047 Theodosii

210 2088 232 2110 «
262 2074 307 2113 et
334 2072 528 2114 filiorum
553 2075 756 2125 tempora
782 2073 967 2124 ingenio
987 2084 1067 2114 suo
1087 2071 1352 2124 illustravit,
