1566 2482
291 159 367 200 118
621 171 804 199 Amwme.
835 170 874 198 A.
904 155 1105 199 mmmm

288 286 491 334 Immtem,
520 286 706 334 rabidum,
734 285 927 335 vultuque,
957 287 995 325 et
1019 296 1108 325 voce
1135 285 1272 325 minaci

286 340 519 388 Terribilem,
550 340 614 388 qui
641 351 699 378 me
725 339 956 378 maculosum
983 339 1206 388 adspergine
1233 350 1378 379 morum

288 387 336 432 In*
362 405 554 442 praeceps,
585 394 628 432 ut
663 393 814 441 praedo,
852 393 994 441 trahat,
1031 393 1225 442 nigrisque
1261 394 1431 432 ruentem

289 501 495 549 Immergat
522 501 718 548 specubus,
749 501 884 539 cuncta
910 501 1107 539 exacturus
1134 501 1182 538 ad
1209 446 1347 549 usque[
1427 504 1429 506 ’

289 555 541 602 Quadrantem
569 554 766 592 minimum
794 554 992 593 damnosae
1020 554 1145 592 debita
1173 554 1232 603 (1)
1261 554 1375 593 vitae.

290 609 413 646 Multa
439 608 480 646 in
505 608 693 646 thesauris
721 607 848 646 Patris
875 609 934 646 est
959 607 1157 654 habitatio,
1181 607 1341 655 Christe,

291 661 512 710 Disparibus
541 661 700 700 discreta
726 661 839 700 locis:
871 672 946 700 non
973 671 1083 709 posco
1110 662 1220 700 beata

291 716 338 754 In
365 715 514 764 regione
543 715 713 761 domum,
745 715 823 753 sint
849 714 928 754 illic
954 715 1060 753 casta
1085 715 1248 753 virorum
1353 715 1431 753 955

292 769 473 817 Agmina,
502 769 716 816 pulvereum
744 780 836 817 quae
864 767 1109 817 dedignantia
1135 780 1287 808 censum

292 822 455 861 Divitias
480 822 616 871 petiere
642 823 753 861 tuas:
786 822 836 860 sit
862 822 950 861 flore
977 822 1133 870 perenni

293 876 462 914 Candida
488 875 702 925 virginitas,
732 876 899 914 animum
926 877 1092 915 castrata
1118 875 1296 915 recisum!

293 931 345 968 At
372 930 465 968 mihi
491 929 660 968 Tartarei
687 929 781 968 satis
808 931 865 968 est
892 929 926 968 si
951 929 1057 967 nulla
1084 929 1248 968 ministri

292 984 470 1022 Occurrat
496 983 624 1029 facies,
657 983 767 1021 avida
793 995 860 1022 nec
892 983 1043 1021 flamma
1074 984 1267 1032 gehennae
1353 983 1431 1020 960

292 1037 452 1076 Devoret
478 1036 576 1075 hanc
603 1036 783 1084 animam,
813 1049 970 1075 mersam
998 1037 1211 1075 fornacibus
1237 1036 1338 1075 imis.

293 1091 409 1129 Esto:
440 1101 655 1138 cavernoso,
686 1090 774 1138 quia
802 1090 856 1129 sic
882 1102 948 1138 pro
974 1091 1057 1128 labe
1085 1101 1234 1129 necesse
1261 1091 1319 1128 est

294 1145 489 1192 corporea,
518 1143 639 1182 tristis
666 1156 724 1182 me
752 1144 899 1182 sorbeat
924 1144 1026 1192 ignis
1045 1145 1217 1183 Averno:

293 1197 431 1235 Saltem
457 1196 630 1236 mitificos
657 1193 832 1236 incendia
858 1197 961 1236 lenta
988 1209 1144 1245 vapores

293 1250 496 1298 Exhalent,
526 1252 704 1299 aestuque
731 1250 832 1289 calor
859 1251 1062 1300 languente
1091 1251 1281 1299 tepescat:
1353 1250 1430 1289 965

293 1305 375 1342 Lux
401 1304 583 1343 immensa
609 1304 718 1351 alios,
749 1306 786 1342 ct
811 1306 978 1353 tempora
1003 1305 1131 1343 vincta
1157 1304 1302 1343 coronis

294 1357 532 1404 Glorificent3
564 1370 621 1396 me
648 1369 766 1406 poena
793 1358 886 1397 levis
914 1358 1112 1397 clementer
1140 1358 1288 1396 adurat.
1321 1370 1344 1393 »
1380 1377 1431 1386 -—

399 1493 496 1530 Inque
518 1495 587 1524 tuos
609 1494 744 1524 animam
767 1494 926 1532 amp'exus
946 1493 1102 1524 effundero
1123 1494 1286 1523 ovantem:

401 1535 465 1565 Hoc
486 1537 610 1565 tanturn
634 1536 724 1569 mihi,
747 1536 836 1574 plura
857 1535 931 1566 aliis
951 1535 1141 1573 optantibus,
1166 1535 1255 1565 adde.

296 1576 335 1607 V.
357 1577 495 1608 Hmnon.
519 1578 618 1607 vuum
640 1578 754 1615 Hymn.
777 1578 793 1608 I
814 1578 879 1607 Deo
902 1578 975 1616 Opt.
996 1577 1090 1608 Max.
1112 1586 1142 1608 v.
1168 1577 1207 1606 76
1228 1577 1262 1606 et
1281 1583 1368 1612 seqq.

359 1620 404 1657 (1)
425 1620 588 1658 '1¹nE0L1vs,
603 1620 780 1656 refragante
790 1618 947 1657 prosodia:
965 1619 1095 1650 debitae.
1107 1635 1147 1641 —
1160 1618 1296 1649 Gissnm.
1313 1617 1431 1648 debita.

634 1835 944 1862 HAMARTIGENIAE
980 1834 1079 1861 1⁴¹1le
