1566 2482
299 169 377 210 216
677 179 829 209 Avssunn
855 171 1057 208 Pavonum

505 289 598 328 Cum
624 288 782 328 stridore
806 287 1040 327 rudentium:

503 342 584 382 Nec
611 341 815 391 quidquam
842 342 995 381 suberat
1019 341 1113 390 spei,

505 396 721 445 Mergendis
748 406 859 444 prope
886 395 1103 444 naufragis3
1375 395 1424 434 15

504 451 625 496 Quum
653 448 843 489 Christum
869 448 998 498 procul
1025 448 1186 497 adspicit

503 504 656 542 Pallens
681 504 795 542 turba
818 503 1011 551 periculis,

502 557 716 597 Calcantem
742 556 898 606 pedibus
923 569 1041 604 mare,

501 613 559 650 Ac
586 611 619 650 si
645 622 710 659 per
737 610 895 650 solidam
921 611 1022 649 viam

501 665 645 704 Siccum
671 665 763 703 litus
789 664 1000 702 obambulet
1028 662 1102 713 (1).
1373 663 1423 701 20

450 719 553 757 Haec
580 718 761 757 miracula
789 717 902 756 ceteri
1300 721 1306 727 ·

500 773 675 811 Vectores
704 771 762 821 (2)
792 770 919 819 pavidi
946 771 1111 819 stupent.

501 825 608 864 Solus
636 837 711 864 non
738 825 906 873 trepidus
934 825 1067 863 Petrus

501 879 688 928 Agnoscit
715 875 916 917 Dominum
942 878 1033 926 poli,

499 933 719 981 Terraeque,
748 933 786 971 et
811 930 926 970 maris
954 931 1049 970 invii
1078 932 1162 980 (3):

501 987 615 1024 Cuius
643 985 934 1034 omnipotentiae
959 982 1020 1023 est

501 1039 647 1078 plantis
674 1050 836 1087 aequora
863 1038 1032 1078 subdere.

1371 933 1393 970 [ο

1399 933 1420 968 ’.Ἴ
1399 857 1402 863 ·

498 1093 633 1131 Tendit
660 1093 879 1141 suppliciter
905 1103 1057 1138 manus⁷

497 1147 638 1185 Notum
666 1147 874 1186 subsidium
901 1148 1025 1194 rogat.

496 1202 569 1238 Ast
595 1201 658 1238 ille
684 1200 830 1248 placide
860 1199 1045 1246 adnuens,
1369 1200 1419 1236 30

497 1255 620 1301 Puppi
646 1255 690 1292 ut
717 1253 869 1293 desiliat
894 1253 1010 1291 iubet.

497 1308 617 1346 Iussis
643 1307 858 1356 obsequitur
887 1307 1044 1351 Petrus;

495 1361 567 1399 Sed
593 1360 754 1409 vestigia
781 1360 958 1398 fluctibus

496 1414 657 1452 Summis
684 1414 854 1463 tinguere
881 1414 1066 1461 coeperat,

495 1468 544 1506 Et
569 1468 743 1516 lapsante
769 1468 891 1516 gradu
917 1466 1028 1515 pedes
1365 1466 1414 1502 30

497 1522 653 1560 Pessum
679 1532 843 1570 mergere
870 1519 1046 1558 lubricos.

495 1575 690 1613 Mortalem
718 1575 818 1613 Deus
844 1573 1027 1621 increpat,

493 1628 597 1674 Quod
624 1629 674 1666 sit
701 1639 777 1666 non
806 1626 934 1666 stabili
962 1626 1048 1674 fide,

493 1681 573 1720 Nec
599 1681 743 1721 calcare
770 1680 942 1727 fluentia,
1346 1709 1350 1711 -

495 1735 575 1773 Nec
603 1735 791 1774 Christum
818 1733 943 1773 valeat
969 1733 1086 1781 sequi.
1366 1731 1416 1768 40

492 1789 586 1826 Tum
614 1790 744 1827 dextra
770 1789 951 1826 famulum
978 1787 1092 1826 levat.

343 1913 390 1953 (1)
410 1912 602 1945 obambulet.
635 1911 780 1944 Ambulet
801 1913 902 1949 tutus,
926 1912 973 1942 uti
995 1911 1096 1942 solent
1117 1910 1170 1948 qui
1191 1906 1413 1941 obrectationis

280 1964 375 1986 causa
395 1955 455 1986 hue
488 1955 563 1986 illuc
584 1954 772 1986 discurrant.

341 1997 387 2036 (2)
408 1998 557 2028 vectores.
574 1994 685 2028 Vector
699 1997 748 2028 est
762 1996 814 2034 qui
829 1994 931 2033 vehit,
946 1995 982 2025 ut
997 1994 1145 2034 portitor,
1160 1991 1335 2029 rhedarius,
1347 1993 1411 2024 ete.

279 2038 338 2069 Sed
360 2038 552 2078 saepiuscule
567 2040 620 2076 qui
642 2036 768 2069 vehitur
783 2037 830 2069 vel
851 2038 884 2068 in
905 2037 1012 2074 aliqua
1033 2036 1119 2073 navi,
1135 2035 1182 2066 vei
1199 2034 1349 2074 plaustro,
1365 2034 1413 2065 voi

276 2089 366 2118 equo,
387 2082 480 2118 pacta
501 2080 653 2112 mercede.
677 2080 736 2110 Hic
757 2079 795 2111 de
816 2079 928 2116 vectis,
949 2079 1083 2118 passive.

343 2121 387 2161 (3)
409 2122 456 2152 vel
477 2122 585 2153 marae‘s
606 2123 704 2153 invii.
727 2121 764 2152 V.
789 2121 880 2154 Vluo.
902 2122 984 2153 Aen.
1010 2120 1067 2158 IX,
1090 2118 1161 2151 130.
