1566 2482
798 4 805 11 ,
835 0 850 15 7-
866 0 1198 27 i.;-‚-f⁷1<··.5·k⁷12’2'r7¹5'¹5,”ffl⁸
1219 19 1225 25 .
1262 23 1271 35 ,
1289 22 1292 23 ν

1281 30 1293 42 Ι

246 100 324 141 152
617 112 771 142 Avitum
794 89 1001 142 ‘rssvnmn

243 221 448 260 Sacricolae
476 221 612 260 summi
641 220 825 270 (summus
852 230 942 259 nam
970 220 1086 260 fertur
1113 221 1258 271 Aaron)

242 275 386 314 Fallere
401 275 529 314 fraude
549 275 691 323 aliqua,
708 274 841 313 Martis
860 274 1119 324 congressibus
1135 274 1284 323 impar?
1311 274 1388 314 550

244 329 311 368 Nil
338 329 463 376 refert,
494 328 608 367 armis
636 328 835 377 contingat
852 328 979 377 palma
997 327 1137 367 dolisve
1167 328 1242 379 (1).
1265 340 1289 364 »
1309 349 1364 356 —

244 382 398 421 Dixerat
425 384 462 421 et
487 384 633 421 torvam
660 381 806 429 faciem,
837 381 1059 430 furialiaque
1087 393 1191 420 arma
1311 390 1314 392 ’

244 436 377 483 Exuit,
407 437 518 484 inque
547 435 717 474 habitum
745 447 824 474 sese
850 434 1094 474 transformat
1112 435 1333 482 honestum3

245 489 306 527 Fit
333 490 452 528 virtus
481 489 599 538 specie
630 489 703 539 (2),
734 489 911 538 vultuque
938 490 976 527 et
1002 490 1102 527 veste
1131 501 1272 536 severa,

244 543 363 589 Quam
380 545 586 583 memorant
603 543 718 592 frugi,
739 554 848 591 parce
871 542 930 582 cui
949 542 1072 581 vivere
1091 543 1191 581 cordi
1210 544 1281 590 est,
1313 542 1389 581 555

245 597 293 634 Et
321 609 466 636 servare
494 609 625 644 suum3
656 598 847 644 tamquam
876 596 931 635 nil
958 597 1082 644 raptet
1109 607 1234 644 avare,

245 650 350 688 Artis
378 651 618 689 adumbratae
645 650 795 698 meruit,
826 661 892 688 ceu
920 649 1062 697 sedula,
1091 649 1254 688 laudem.

245 703 369 742 Huius
397 717 435 743 so
463 705 582 753 specie
610 705 767 742 mendax
794 704 949 742 Bellona
975 704 1138 751 coaptat.

245 757 332 795 Non
360 759 402 796 ut
429 770 544 796 avara
570 758 664 805 lues,
696 757 760 796 sed
787 757 907 796 virtus
933 768 1046 804 parca
1072 757 1224 804 putetur
1245 771 1254 803 3

246 811 325 849 Nec
353 822 427 849 non
451 813 492 853 et
518 813 643 850 tenero
670 811 821 859 pietatis
849 811 1011 859 tegmine
1039 811 1160 849 crines
1312 810 1390 849 560

247 864 400 913 Obtegit
427 865 627 913 anguinos,
657 866 700 903 ut
728 864 889 903 candida
914 864 1018 912 palla
1044 863 1223 903 latentem

246 917 467 956 Dissimulet
493 919 647 965 rabiem,
678 918 827 967 diroque
856 919 1006 958 obtenta
1033 917 1162 965 furori,

247 971 350 1017 Quod
377 983 504 1020 rapere
532 975 569 1011 et
596 973 736 1020 clepere
767 972 826 1021 (3)
856 973 926 1019 est,
957 971 1136 1020 avideque
1165 970 1390 1075 absco[ndere

1284 1025 1391 1072 parta

246 1079 427 1117 Natorum
458 1091 584 1117 curam
613 1079 711 1117 dulci
740 1079 808 1117 sub
836 1078 983 1117 nomine
1012 1077 1138 1117 iactet.
1247 1115 1250 1117 Α

246 1132 400 1171 Talibus
428 1133 603 1170 inludens
630 1132 725 1170 male
753 1132 903 1171 credula
930 1132 1042 1170 corda
1068 1132 1230 1171 virorum
1311 1131 1388 1169 565

248 1185 364 1223 Fallit
391 1186 634 1234 imaginibus,
666 1187 942 1234 monstrumque
970 1185 1083 1223 ferale
1111 1186 1338 1234 sequuntur:

248 1240 346 1277 Dum
375 1240 530 1277 credunt
558 1239 707 1277 virtutis
736 1250 842 1287 opus,
873 1238 975 1286 capit
1002 1239 1116 1287 impia
1144 1238 1308 1287 Erinnys

249 1292 440 1331 Consensu
468 1293 612 1340 faciles,
643 1292 871 1341 manicisque
898 1292 1233 1331 tenacibus'artat.

248 1346 433 1384 Attonitis
461 1347 630 1393 ducibus,
662 1346 958 1394 perturbatisque
986 1346 1161 1394 maniplis

248 1400 419 1438 Nutabat
446 1400 627 1438 virtutum
659 1400 757 1438 acies
786 1410 904 1438 errore
931 1399 1100 1437 biformis
1315 1398 1392 1436 570

249 1453 433 1499 Portenti,
465 1453 659 1502 ignorans,
691 1453 779 1501 quid
809 1453 968 1491 amicum
996 1453 1123 1491 credat
1150 1451 1189 1489 in
1217 1451 1298 1500 illo,
1336 1472 1339 1473 ν

250 1565 318 1595 dem
332 1566 381 1595 est
401 1565 516 1603 populi,
534 1565 671 1602 tribulis,
686 1565 855 1602 municeps,
872 1565 966 1599 civis:
991 1572 1050 1594 non
1066 1565 1171 1594 autem
1185 1564 1336 1599 concivis,
1345 1562 1393 1593 uti

249 1616 412 1645 perperam
434 1607 535 1645 plures
555 1607 708 1638 scribunt.

282 1683 284 1687 ι
313 1647 361 1688 (1)
385 1648 447 1678 Nil
461 1649 574 1686 refert,
591 1650 706 1682 armis,
724 1649 784 1679 etc.
810 1648 906 1678 Poeta
929 1647 1136 1678 Ferrariensis
1157 1646 1267 1677 statim
1290 1645 1322 1676 in
1345 1645 1391 1676 in-

251 1699 355 1726 gressu
380 1691 463 1720 Libri
487 1690 575 1720 XXV
598 1690 750 1728 poematis
771 1690 818 1720 sui
842 1689 956 1719 Milesii
979 1689 1016 1720 de
1039 1689 1198 1725 Orlando,
1222 1689 1288 1718 ait:

458 1738 504 1767 Fu
525 1737 549 1767 il
564 1738 669 1767 vincet
684 1746 803 1775 sempre
826 1737 887 1766 mai
909 1736 1047 1766 laudabil
1069 1745 1156 1771 cosa:

459 1779 584 1809 Viucasi
607 1787 661 1817 per
684 1779 809 1809 fortuna
830 1788 847 1809 0
869 1787 924 1817 per
945 1779 1090 1815 ingegno.

315 1833 359 1871 (2)
384 1833 440 1862 Fit
461 1834 568 1863 virtus
588 1833 703 1871 specie.
726 1833 889 1863 IVVENAL.:
904 1842 922 1860 αι
946 1831 1043 1862 Fallit
1063 1832 1145 1862 enim
1161 1831 1274 1861 vltium
1294 1830 1394 1869 specie

251 1875 380 1904 virtutis
398 1876 435 1905 et
457 1875 566 1905 umbra
587 1875 648 1904 etc.
668 1884 685 1903 »
701 1874 777 1904 Vide
799 1875 869 1907 Sat.
884 1873 967 1908 XIV,
985 1874 1042 1904 109
1057 1874 1092 1903 et
1106 1875 1333 1910 seqq-veste
1347 1881 1395 1902 se—

252 1926 340 1947 vera.
356 1917 429 1947 Mss.
448 1916 691 1955 praestantiores
706 1916 739 1946 et
750 1915 1084 1946 GISEL1N.—Hmns1vs
1095 1915 1252 1953 vultuque
1267 1917 1296 1943 et
1309 1923 1391 1944 voce.

318 1958 362 1997 (3)
384 1959 517 1998 clepere,
540 1958 627 1989 arch.
652 1958 683 1996 (a
707 1966 816 1995 graeco
837 1956 999 1999 κλέπτειν)
1031 1958 1081 1987 est
1112 1957 1279 1994 surripere,
1313 1955 1392 1985 clam

255 2004 361 2036 furari,
387 2005 562 2035 PLAvrixvs
584 2014 688 2035 versus
710 2006 741 2035 iu
763 2006 883 2036 Pseud.
908 2005 932 2041 1,
957 2005 986 2040 2,
1011 2006 1029 2034 6
1051 2005 1206 2035 contritus
1227 2004 1276 2034 est
1297 2003 1393 2033 omni-

255 2047 328 2077 bus:
355 2059 369 2074 «
393 2047 453 2077 Ubi
476 2048 552 2079 data
574 2048 693 2079 occasio
714 2048 773 2083 est,
798 2056 883 2086 rape,
905 2047 1002 2085 clepo,
1026 2048 1095 2078 tene
1118 2046 1266 2084 harpaga.
1291 2056 1308 2073 >›
