1566 2482
588 191 810 222 APOTHDOSIS
859 180 864 182 ’
1219 183 1270 222 23
1282 208 1285 210 -

175 309 199 347 d
226 309 384 348 fortasse
410 308 504 347 velis
530 308 674 357 patriae
700 308 852 356 pietatis
881 308 1018 348 honore
1077 298 1081 302 ¹

128 362 344 412 Despoliare
372 363 506 409 Deum,
537 362 735 401 contentus
762 361 911 401 nomine
940 363 1054 410 nudo,

128 417 232 463 Quod
259 417 360 455 Deus
387 417 457 463 est,
489 415 704 473 adimasque
733 416 843 454 decus
872 416 1012 465 Patris,
1043 418 1081 455 et
1100 416 1255 477 ‘generis

127 523 265 572 Ecquis
291 523 331 561 in
359 523 471 562 idolio
498 524 679 562 recubans
709 523 786 573 (1),
808 523 905 562 inter
933 468 1272 572 sacra[giffie,185

127 576 388 626 Ridiculosque
416 577 502 616 deos
529 588 712 616 venerans
739 577 833 624 sale,
864 578 1016 626 cespite,
1046 579 1128 616 ture
1149 579 1225 628 (2),

111 631 214 669 -Non
227 632 337 679 putat
354 642 435 670 esse
449 631 568 670 Deum
587 642 786 678 summum,
803 632 840 669 et
859 642 968 679 super
986 632 1111 671 omnia
1127 632 1274 671 solum?

125 684 302 730 Quamvis
329 685 513 732 Saturnis,
543 685 750 723 Iunonibus
778 684 856 735 (3),
885 687 923 723 et
950 686 1153 735 Cythereis,

126 738 383 787 Portentisque
411 738 496 777 aliis
522 738 712 777 fumantes
738 740 926 778 consecret
953 751 1061 786 aras;
1195 740 1271 779 190

125 792 305 830 Attamen
334 792 394 841 (4)
416 792 456 830 in
485 793 628 831 caelum
655 792 799 841 quoties
827 793 1006 841 suspexit,
1036 794 1077 832 in
1103 805 1178 832 uno

125 845 328 883 Constituit
355 845 415 884 ius
443 857 549 885 omne
577 847 671 894 Deo,
700 846 761 885 cui
789 846 928 885 serviat
955 847 1093 896 ingens

124 898 316 937 Virtutum
342 899 453 947 ratio,
484 900 600 939 variis
627 899 812 938 instructa
838 899 1037 939 ministris.

124 952 224 999 Quae
242 963 335 1001 gens
349 954 431 1002 tam
449 953 821 1004 Stolidaffissfissimis,
837 955 916 998 tam
927 954 1092 996 ,barbara
1109 954 1272 1004 linguis?

123 1005 271 1052 Quaeve
308 1006 520 1055 superstitio
556 1008 635 1045 tam
672 1007 844 1056 sordida,
866 1019 960 1057 quae
997 1008 1162 1047 canifor-

954 1063 1067 1110 [mem
1100 1062 1161 1113 (5)
1192 1061 1269 1101 195

165 1203 213 1243 (1)
237 1204 359 1243 Ecquis
382 1206 417 1234 in
439 1205 539 1235 idolio
568 1205 784 1239 κοπιῶντι...
815 1206 890 1237 Non
910 1210 1009 1246 putat
1029 1209 1093 1239 etc.
1117 1209 1264 1240 Laeuu-

124 1253 194 1275 rivs
214 1246 249 1276 in
278 1246 311 1277 L.
342 1246 371 1277 1.
406 1247 454 1276 De
482 1248 573 1286 falsa
601 1248 765 1287 religione
791 1249 910 1280 multus
938 1252 988 1280 est
1007 1251 1044 1280 ut
1073 1250 1269 1282 demonstret

122 1287 238 1317 nullam
261 1288 294 1318 in
317 1289 471 1319 terrarum
493 1290 566 1320 orbe
586 1291 715 1327 gentem
736 1298 873 1328 unquam
895 1292 1055 1329 extitisse,
1073 1300 1153 1329 quae
1167 1293 1268 1324 Deum

123 1337 217 1360 unum
233 1338 292 1359 non
308 1331 484 1367 agnoverit.
501 1331 578 1362 Vide
588 1331 633 1362 sis
646 1333 681 1363 et
694 1332 867 1363 ALBaarvn
882 1333 1065 1365 Famucwn
1081 1335 1116 1365 in
1131 1335 1268 1366 Dela-tn

124 1373 186 1401 ete.
209 1371 252 1402 Ca
277 1394 285 1401 .
309 1372 395 1404 VIII.

186 1412 235 1453 (2)
254 1380 345 1451 gale,
369 1415 505 1453 cespite,
543 1418 630 1446 ture.
659 1415 697 1448 V.
727 1414 813 1463 Περὶ
837 1415 937 1463 Στεφ.
967 1417 1024 1455 111,
1050 1417 1126 1453 122;
1158 1418 1192 1448 et
1217 1418 1264 1448 in-

122 1469 216 1499 super
236 1461 307 1492 vide
328 1462 373 1492 ibi
395 1462 431 1494 V.
457 1463 509 1494 50.

166 1502 212 1543 (3)
245 1503 404 1540 Quamvis
432 1505 611 1542 Saturnis,
634 1505 833 1543 Iunonibus,
856 1508 922 1541 etc.
943 1507 1101 1546 Imagines
1123 1507 1267 1545 Saturni,

123 1545 264 1582 Iunonis,
286 1546 427 1582 Veneris,
451 1546 646 1585 aliorumque
668 1548 795 1579 deorum
818 1549 852 1579 in
873 1549 1000 1580 tabeilis
1021 1550 1162 1588 depictas
1178 1550 1269 1581 docte

123 1587 203 1616 satis
223 1587 403 1618 iilustravit
425 1588 695 1620 Monrravcomvs
716 1590 750 1620 in
771 1590 836 1621 suis
857 1591 1032 1633 Antiquitt.
1056 1592 1139 1622 Tom.
1155 1592 1183 1623 1.

163 1628 210 1666 (4)
234 1629 388 1659 Attamen
410 1630 445 1659 in
468 1630 590 1660 eoelum
613 1632 675 1663 ete.
698 1631 938 1663 'rzmvnmnvs
960 1634 994 1663 in
1016 1634 1094 1672 ipsis
1116 1633 1265 1670 loquendi

125 1669 276 1707 formulis,
300 1679 377 1707 quas
405 1672 564 1702 veteribus
591 1673 872 1711 superstitionibus
899 1675 1020 1705 addicti
1048 1684 1104 1714 pro
1133 1683 1169 1705 re
1190 1676 1267 1705 nata

123 1714 318 1750 usurparent,
337 1714 428 1743 notat
452 1721 550 1744 unum
578 1714 676 1745 Deum
698 1715 896 1754 apertissime
919 1725 1142 1755 saepenumero
1165 1716 1267 1747 fassus

123 1761 202 1785 aese.
223 1755 319 1791 atque
339 1755 381 1784 ad
402 1755 458 1785 Dei
481 1755 574 1786 unius
595 1756 869 1795 omnipotentiam,
894 1759 1008 1789 natura
1037 1759 1106 1798 ipsa
1134 1758 1266 1794 ferente,

122 1794 314 1833 confugisse:
339 1796 468 1828 aiebant
494 1798 603 1828 enim:
635 1809 653 1827 «
676 1799 758 1836 quod
787 1799 868 1830 Deus
893 1799 1026 1831 dederit.
1050 1811 1069 1829 »
1097 1817 1136 1822 -
1164 1810 1183 1829 α
1205 1799 1268 1830 Deo

122 1837 315 1869 commendo.
339 1848 358 1867 »
372 1855 416 1861 —
436 1849 456 1868 «
471 1839 552 1869 Deus
566 1840 652 1870 inter
666 1849 723 1871 nos
745 1840 909 1874 iudicabit.
928 1853 944 1870 »
961 1859 1004 1865 —
1017 1841 1135 1880 Quibus
1150 1842 1268 1872 anima-

122 1878 244 1910 dversis
265 1879 298 1909 in
320 1879 398 1911 haec
419 1882 574 1920 erumpit:
597 1892 616 1911 «
639 1882 664 1913 Ο
694 1883 912 1914 testimonium
933 1885 1055 1915 animae
1079 1883 1269 1914 naturaliter

122 1920 342 1952 Christianae!
368 1932 386 1950 »

166 1962 212 2000 (5)
233 1963 448 2001 caniformem
453 1987 559 1997 ......
582 1965 731 1996 Anubem
759 1966 879 1997 Anubis
902 1967 1034 1998 Osiridis
1073 1967 1167 1998 filius.
1191 1967 1268 1998 Eius

122 2003 321 2035 simulacrum
344 2013 362 2035 e
382 2005 480 2036 solido
501 2015 576 2037 auro
597 2007 768 2038 conflatum
791 2008 913 2038 vultum
935 2010 1081 2040 caninum
1111 2010 1265 2048 praesefe-

122 2046 225 2083 rebat,
240 2046 458 2084 colebaturque
478 2048 518 2078 ab
538 2048 715 2087 Aegyptiis,
728 2055 762 2080 et
782 2050 976 2081 horizontem
993 2052 1263 2090 repraesentabat,

123 2094 214 2124 quem
227 2088 332 2119 Latini
361 2089 511 2120 circulum
534 2091 692 2122 finitorem
727 2091 848 2122 dicunt.
866 2092 901 2124 V.
936 2093 1029 2124 vute.
1063 2094 1147 2124 Aen.
1178 2093 1263 2124 vm.

125 2129 203 2165 6983
233 2129 343 2160 Ivvrx.
383 2131 441 2168 VI,
482 2131 553 2163 1:33.
592 2132 767 2164 Accusandi
805 2143 894 2164 casus
930 2134 1006 2165 haec
1045 2144 1105 2166 vox
1136 2135 1266 2166 Anubis

641 2283 672 2300 (Ι
