1566 2482
20 2436 42 2482 Μ,
6 2390 32 2427 2⁴·
19 2278 30 2382 ‚Nn-‚-

515 158 529 205 Ῐ
574 153 864 216 111111111101111111
1208 177 1287 221 117

119 267 194 320 ⁴—
224 307 246 330 «
275 294 306 333 O
325 295 401 334 Dee
421 294 481 346 (1)
513 266 794 346 cunctiparens,
824 297 974 337 animae
1005 298 1128 348 dator,
1162 311 1184 339 o
1211 301 1287 339 Dee

1103 350 1285 405 [Christe,
1330 385 1335 390 .

141 400 255 440 Cuius
281 401 332 440 ab
358 412 419 441 ore
446 404 547 442 Deus
563 403 750 443 'subsistit
775 404 937 454 Spiritus
964 417 1085 445 unus:

139 455 190 493 'l'e
216 455 430 495 moderante
457 469 581 507 regor,
609 459 646 496 te
673 458 790 497 vitam
815 459 985 508 principe
1014 461 1123 509 (luco,

139 508 268 547 Iudice
295 510 332 548 te
357 510 504 558 pallens
530 511 688 560 trepido,
715 513 754 551 te
781 512 902 552 iudice
919 515 1047 553 eodem
1207 516 1285 555 935

138 563 248 610 Spem
259 563 382 611 oapio,
393 564 485 612 fore,
496 564 679 614 quidquid
692 577 780 615 ago,
797 567 983 607 veniabile
994 567 1055 618 (2)
1064 569 1166 617 apud
1175 570 1229 618 te,

140 616 350 662 Quamlibet
375 617 576 668 indignum
601 619 713 658 venia
739 620 949 671 faciamque
976 622 1195 672 loquarque.

141 667 346 710 Confiteor:
378 671 524 711 dimitte
550 672 688 722 libens,
717 675 755 713 et
780 676 1066 724 paree‘fatenti:

140 724 258 763 Omne
285 725 427 764 malum
452 727 593 774 merui3
625 728 691 766 sed
717 729 760 767 tu
786 729 906 768 bonus
933 730 1088 778 arbiter,
1118 731 1226 770 aufer

139 777 243 823 Quod
270 779 410 818 merui:
441 780 595 820 meliora
622 781 755 821 favens
781 782 920 833 largire
946 785 1130 832 precanti.
1206 787 1284 824 940

139 832 248 870 Dona
274 833 422 873 animae
450 835 672 884 quandoque
699 847 819 885 meae,
848 849 963 887 quum
989 838 1154 887 corporis
1172 839 1284 878 huius

137 885 307 935 Liquerit
333 886 550 937 hospitium,
579 889 720 938 nerviS,
750 892 850 939 cute,
880 891 1083 942 sanguine,
1113 893 1218 941 felle,

139 939 298 979 Ossibus
325 943 568 990 exstructum,
597 945 771 992 corrupta
797 945 896 994 quod
921 946 1046 985 incola
1073 947 1179 985 luxu·

138 993 223 1032 Heu
250 994 407 1034 nimium
433 997 624 1045 complexa
650 997 773 1037 fovet:
805 1011 919 1048 quum
946 1000 1082 1039 flebilis
1108 1001 1200 1040 hora

138 1046 323 1087 clauserit
347 1050 417 1089 hos
434 1050 556 1099 orbes,
578 1053 615 1090 et
631 1052 867 1091 conclamata
882 1052 943 1104 (3)
959 1054 1096 1093 iacebit
1203 1055 1282 1093 945

138 1101 326 1150 Materies,
357 1103 544 1153 oculisque
572 1104 653 1144 suis
678 1118 785 1146 mens
812 1107 915 1146 nuda
942 1107 1099 1148 fruetur.

138 1154 196 1193 Ne
209 1158 338 1195 cernat
345 1156 664 1207 (4)truculentum
678 1160 841 1216 aliquem
854 1161 900 1200 de
914 1163 1025 1210 gente
1039 1162 1227 1201 latronum

200 1335 246 1376 (1)
270 1337 296 1367 O
317 1336 380 1367 Dee
400 1339 644 1378 cunctiparens.
669 1340 767 1371 Poeta
799 1341 839 1371 ad
872 1342 970 1372 Deum
1003 1341 1117 1373 humili
1151 1343 1184 1373 et
1209 1343 1283 1373 sub-

113 1385 115 1387 ·
136 1377 233 1407 missa
253 1387 342 1416 prece
361 1388 524 1411 conversus
544 1383 678 1412 carmini
699 1383 737 1412 de
759 1383 999 1420 Hamattigenia
1020 1384 1111 1414 finem
1134 1386 1279 1424 imponit.

136 1418 294 1450 Adnotare
315 1430 390 1459 opus
404 1431 464 1452 non
479 1425 528 1454 est
547 1424 640 1454 Deus
653 1425 686 1454 in
712 1433 785 1455 casu
801 1426 943 1461 vocandi,
970 1434 1027 1455 non
1049 1427 1105 1456 dee
1126 1436 1191 1457 esse
1206 1428 1282 1457 scri-

135 1461 287 1498 bendum:
309 1463 363 1493 sed
390 1464 594 1496 Prudentium
623 1466 656 1495 in
685 1467 773 1497 aestu
802 1468 957 1498 scribendi
985 1469 1127 1506 populari
1148 1468 1281 1499 fortasse

135 1504 348 1535 consuetudini
368 1514 435 1536 sese
447 1502 663 1545 eomposuisse.
680 1526 722 1531 —
737 1509 990 1547 cunctiparens,
1007 1510 1044 1540 V.
1069 1509 1156 1557 Περὶ
1181 1509 1280 1557 Στεφ.

200 1592 249 1632 (2)
276 1593 450 1626 Veniabile.
474 1595 570 1626 Venia
591 1597 731 1634 dignum.
755 1598 792 1631 V.
815 1598 925 1631 Sinon.
950 1599 1007 1632 IX.
1030 1600 1089 1638 Ep.
1107 1599 1133 1632 Ι.
1150 1600 1184 1630 et
1204 1600 1280 1630 SAL-

136 1641 226 1664 vnm.
249 1635 409 1666 ada-ersus
430 1638 571 1670 Αυανοε.

199 1675 248 1716 (3)
269 1678 510 1710 conclamata...
532 1681 702 1711 Materies.
727 1682 820 1712 Morti
843 1682 966 1717 debi1a;
992 1691 1085 1720 quum
1107 1682 1187 1713 mihi
1216 1683 1279 1714 iam

136 1720 257 1748 mortuo
277 1720 421 1757 parentes
443 1722 576 1759 proximi
598 1723 661 1753 iam
690 1723 831 1754 dixerint
861 1724 1004 1755 sollemne
1037 1724 1135 1755 illud:
1159 1725 1279 1755 concla-

136 1760 255 1790 matum
277 1762 341 1792 est!
367 1762 507 1794 Lucanus
538 1764 652 1795 Phars.
677 1764 729 1802 11,
745 1766 785 1795 22
807 1774 936 1805 corpora
956 1766 1152 1797 conclamata
1173 1768 1221 1798 ait
1242 1775 1280 1797 ea

136 1801 249 1838 iacere,
272 1803 306 1832 iu
329 1804 439 1840 quibus
460 1805 547 1836 nulla
568 1815 638 1845 spes
660 1807 746 1838 vitae
766 1808 880 1840 restat.

197 1843 242 1882 (4)
264 1844 313 1874 Ne
334 1849 448 1876 cernat
468 1848 530 1878 etc.
553 1849 600 1879 Ne
622 1849 691 1885 quis
712 1849 897 1880 daemonum
926 1851 1059 1880 macu'is
1080 1859 1129 1881 me
1151 1850 1277 1888 plenum

134 1893 274 1922 cer-nens,
296 1895 399 1917 seeum
422 1889 532 1919 trahat
552 1891 713 1928 tamquam
736 1892 882 1929 praedam
905 1892 938 1922 in
966 1892 1136 1922 inferorum
1158 1901 1276 1931 specuS.

135 1925 220 1964 Quae
241 1929 399 1965 postrema
421 1930 545 1969 hispani
566 1934 677 1970 poetae
699 1933 793 1970 verba
815 1934 846 1963 iu
870 1934 1005 1964 mentem
1027 1935 1181 1964 renovant
1202 1934 1281 1964 Hm-

135 1976 255 1998 nomnn
278 1969 380 2000 Vnus
401 1971 615 2004 Cremonensis
635 1983 753 2012 preces,
770 1984 846 2012 quas
861 1975 995 2006 demisso
1010 1976 1114 2006 animo
1128 1976 1191 2007 Deo
1204 1976 1277 2014 opt.

135 2010 220 2042 Max.
245 2010 328 2041 fudit
350 2013 443 2043 initio
466 2013 574 2052 hymni
596 2017 690 2054 primi
713 2017 762 2046 De
782 2016 893 2047 Rebus
914 2017 1060 2054 Divinis,
1074 2025 1168 2054 quum
1191 2018 1255 2048 ait:

197 2051 281 2090 Quae
303 2054 358 2084 tua
378 2063 494 2092 magna
514 2057 637 2094 quidem
659 2058 691 2088 in
713 2067 809 2095 genus
837 2058 1033 2096 indulgentia
1053 2060 1192 2090 nostrum
1215 2061 1276 2097 est,

239 2094 297 2131 Da,
320 2096 426 2132 Pater,
449 2098 607 2129 extremae
630 2108 723 2136 quum
746 2101 832 2130 vitae
854 2101 1016 2131 advenerit
1038 2101 1125 2137 hora,

238 2137 280 2166 'I'e
302 2140 465 2175 praesente
487 2140 578 2177 mori,
600 2141 643 2170 nil
666 2151 714 2171 me
736 2143 927 2172 terrentibus
950 2143 1080 2180 umbriS,
