1566 2482
336 303 1109 395 PSYOHOMAOHIA*)

576 505 867 544 PRAEFATIO

157 631 274 671 Senex
301 631 422 670 fidelis
452 631 528 683 (1),
549 631 671 681 prima
698 630 872 670 credendi
899 631 976 679 via,

158 686 314 733 Abram,
344 685 445 725 beati
473 685 627 725 seminis
655 698 761 725 serus
790 686 911 734 pater,

159 740 317 779 Adiecta
343 739 449 779 cuius
476 751 611 791 nomen
638 739 744 779 auxit
770 739 933 790 syllaba,

164 795 301 833 Abram
327 793 475 842 parenti
494 794 630 841 dictus,
659 794 854 832 Abraham
880 794 973 832 Deo.

159 847 280 886 ‘Senile
306 847 446 896 pignus
473 847 538 896 qui
565 847 705 886 dicavit
730 847 918 895 victimae,

158 902 305 940 Docens
331 901 381 940 ad
407 913 512 940 aram
539 913 654 950 quum
678 901 788 940 litare
815 901 900 950 quis
926 900 1032 948 velit,

157 956 261 1002 Quod
289 955 395 995 dulce
422 950 544 1003 cordi‚‘
569 955 668 1004 quod
693 955 812 1004 pium,
842 955 941 1004 quod
968 954 1136 1003 unicum,

158 1010 234 1048 Deo
260 1008 419 1048 libenter
447 1009 673 1049 offerendum
699 1009 855 1049 credito.

1278 848 1301 884 ι’(

219 1133 261 1172 (“)
278 1133 472 1164 Didaeticam
487 1133 630 1171 opellam,
644 1133 768 1171 quaein
782 1133 904 1171 peccati
915 1133 1066 1170 originem
1083 1132 1230 1170 inquirit,
1241 1133 1302 1163 svi-

156 1175 232 1205 lic-ot
246 1175 536 1215 Hamartiqeniam
547 1176 667 1214 excipit
682 1172 902 1222 Ψυχομαχία
910 1175 1025 1215 (latine
1033 1176 1152 1205 Animi
1164 1177 1304 1213 Ριιρηα),

159 1223 280 1260 magnis
290 1223 436 1254 laudibus
451 1224 607 1254 GASPAms
621 1224 757 1254 Bia-mu
772 1223 1052 1254 inAdoersarior.
1063 1223 1140 1253 Lib.
1153 1222 1228 1253 XXI
1243 1223 1306 1252 dis-

157 1266 274 1296 tincta.
289 1265 327 1295 In
349 1269 407 1296 nac
422 1265 611 1296 Prudentius
625 1265 783 1301 singulare
797 1265 886 1296 nobis
900 1265 938 1295 ob
952 1265 1056 1295 oculos
1077 1266 1235 1295 certamen
1252 1273 1307 1303 per

161 1310 266 1344 partes
274 1307 365 1337 offert
376 1317 383 1343 ;
397 1311 533 1344 suntque
547 1307 573 1338 1.
582 1308 679 1338 Fidei
690 1308 723 1337 et
733 1307 969 1345 Idololatriae;
977 1324 1013 1328 —
1022 1306 1064 1338 ΙΙ.
1077 1307 1264 1337 Pudicitiae
1275 1311 1308 1335 et

158 1349 343 1388 Libidiniae
352 1367 390 1371 —-
399 1350 456 1380 111.
469 1350 657 1380 Patientiae
668 1350 702 1379 et
716 1350 815 1387 Iram
824 1366 862 1371 —
871 1349 925 1380 IV.
935 1349 1117 1388 Superbiae
1132 1350 1227 1386 atque
1234 1349 1306 1378 Hu-

159 1391 316 1421 militatis
323 1402 338 1429 ‚·
351 1409 393 1414 —
408 1392 446 1422 V.
463 1392 641 1422 Luxuriae
662 1394 695 1421 et
706 1391 921 1430 Sobrieta1535
945 1408 988 1413 —
1005 1391 1055 1421 VI.
1072 1391 1248 1421 Avaritiae
1275 1392 1308 1420 et

157 1433 366 1472 Laryitatiw
388 1450 428 1456 —-
451 1433 521 1464 vil.
547 1434 747 1464 CmacordIae
771 1435 804 1463 et
826 1433 1035 1465 Discordiae.
1057 1433 1094 1463 In
1115 1432 1308 1470 praefatione

157 1474 303 1505 lectorem
324 1475 533 1506 christianum
555 1475 625 1505 vult
645 1475 798 1505 monitum
813 1476 918 1514 poeta,
939 1475 967 1505 si
989 1484 1006 1504 o
1027 1483 1132 1512 pugna
1148 1474 1247 1504 vietor
1261 1474 1308 1503 di-

157 1516 281 1547 scedere
302 1518 392 1554 velit,
417 1517 588 1548 Abrahami
610 1515 756 1554 vestigiis
776 1517 837 1547 sibi
859 1525 925 1547 esse
950 1517 1169 1553 insistendum,
1190 1516 1228 1546 ‹le
1249 1523 1308 1555 quo

159 1559 191 1587 iu
215 1558 371 1589 Geneseos
390 1559 471 1589 libro
492 1559 550 1588 XV
570 1559 720 1596 legimus:
743 1575 787 1580 —
803 1569 822 1588 «
834 1558 976 1589 Credidit
988 1558 1064 1596 Deo,
1076 1559 1110 1588 et
1130 1559 1308 1596 reputatum

158 1602 207 1629 est
217 1600 264 1630 illi
276 1600 316 1630 ad
327 1601 487 1631 iustitiam
500 1612 531 1631 ».
550 1617 589 1623 —
602 1600 798 1631 Occasionem
814 1602 925 1631 nactus
940 1600 991 1630 hic
1005 1601 1070 1630 suis
1090 1599 1235 1639 laudibus
1249 1607 1309 1628 non

157 1641 344 1672 defraudabo
367 1642 526 1672 Inuum
548 1642 774 1672 Ammimvu
795 1642 886 1680 polit.
903 1641 1043 1673 litterar.
1063 1641 1239 1677 Doetorem,
1256 1641 1309 1678 qui

158 1684 299 1715 Mutinae
319 1692 401 1714 anno
421 1683 671 1715 MDCCCLXXII
690 1684 810 1722 primus
829 1683 991 1719 Italorum,
1014 1683 1132 1714 italicis
1152 1683 1254 1713 modis
1278 1692 1309 1712 u-

158 1726 264 1764 ptavit
276 1726 515 1764 prudentianam
534 1723 780 1773 Ψυχομαχίαν.
796 1725 863 1756 Non
876 1726 1019 1764 equidem
1039 1725 1164 1755 omnino
1184 1726 1311 1755 centum

158 1776 190 1803 et
200 1774 362 1811 octoginta
372 1773 428 1804 illa
441 1774 605 1810 oeta-stica,
622 1774 734 1812 quibus
753 1773 950 1805 Anniballius
964 1773 1071 1804 Animi
1085 1773 1225 1810 Pugnam
1239 1781 1311 1811 pru-

158 1815 338 1846 dentianam
348 1817 398 1846 est
407 1816 596 1854 complexus,
611 1816 653 1846 iis
667 1816 800 1854 poeticis
810 1816 983 1846 luminibus
999 1814 1176 1853 splendent,
1200 1815 1312 1851 quibus

158 1857 359 1887 detineantur
380 1858 493 1888 morosi
513 1857 660 1894 leobores;
683 1859 719 1888 at
738 1858 818 1888 satis
837 1866 1015 1896 expressum
1030 1858 1064 1887 et
1084 1856 1123 1886 ad
1145 1858 1310 1887 veritatem

159 1900 344 1929 exornatum
365 1902 476 1937 poema
499 1908 589 1930 nemo
609 1900 749 1937 negabit.
772 1903 808 1932 V.
831 1912 848 1928 κ
871 1901 917 1930 La
937 1898 1152 1930 Psicomaehia
1166 1898 1229 1928 ola
1245 1898 1311 1928 bat--

160 1940 261 1976 taglia
274 1941 467 1978 dell'aiiima,
480 1941 511 1971 di
522 1942 693 1973 M.Aurelio
703 1942 887 1978 Prudenzio,
901 1942 1002 1981 prima
1015 1940 1154 1971 versione
1167 1939 1310 1975 italiana,

160 1982 208 2011 (Μ
230 1982 400 2020 professore
422 1983 578 2013 Gmumo
591 1983 782 2016 Amnum.
807 1984 950 2020 Modena,
972 1983 1034 2021 tipi
1054 1982 1221 2014 dell'Imm.
1235 1981 1311 2013 Cou-

160 2024 295 2060 cezione‚
317 2032 398 2054 anno
419 2024 639 2056 MDCCCLXII
662 2036 692 2057 ».

225 2064 271 2104 (1)
294 2066 400 2096 Senex
420 2066 537 2103 fidelis.
561 2066 787 2104 Abrahamum,
809 2077 922 2099 serum
943 2069 1077 2106 patrem
1099 2066 1208 2102 vocat,
1232 2065 1312 2101 quod

161 2116 259 2138 annos
280 2110 405 2139 centum
427 2109 537 2146 uatus,
559 2109 660 2141 filium
680 2109 824 2142 Isaaeum
846 2119 884 2141 ex
905 2118 974 2141 sese
992 2108 1118 2148 genuit.
1138 2108 1185 2139 Ex
1207 2107 1312 2138 Isaaco
