1566 2482
488 175 493 177 '
535 173 758 202 APorrlmostS
774 178 779 179 ⁷
1176 160 1231 199 45-

79 287 255 337 Ingenia,
286 290 324 326 et
349 287 494 327 validos
522 287 747 327 consumunt
773 287 898 327 saecla
922 287 1110 331 lacertos:

81 343 187 381 Haec
214 353 282 380 nos
311 341 370 391 (1)
398 341 440 381 in
467 341 620 381 Domini
646 341 784 382 virtute
811 342 849 380 et
874 341 985 381 laude
1012 341 1167 390 perenni

79 397 166 435 Non
195 395 406 444 sequimur:
435 396 637 444 sequimur,
650 395 762 434 nullo
782 396 879 444 quod
898 395 1038 434 semine
1056 397 1176 435 terrae

81 449 289 496 Germinat,
319 449 551 488 immundum
579 450 676 498 quod
705 460 779 487 non
809 450 852 488 de
880 449 965 488 labe
994 449 1095 489 virili
1150 451 1228 489 565

80 503 200 542 Sumit
226 503 465 551 principium,
495 505 600 542 tener
627 503 735 541 illum
763 503 924 541 seminat
950 503 1054 552 ignis
1097 503 1183 554 (2):

81 558 172 596 Non.
196 567 297 605 caro,
320 568 387 595 nec
406 557 563 606 sanguis
590 556 750 605 patrius,
772 568 839 595 nec
859 557 966 596 foeda
987 557 1170 606 voluptas.

84 611 272 649 Intactam
299 610 456 648 thalami
483 610 604 649 virtus
631 610 760 650 divina
786 610 949 659 puellam

81 664 230 703 Sincero
258 664 400 702 adflatu
427 676 492 712 per
518 661 661 703 viscera
689 665 795 702 casta
821 664 994 702 maritat:

83 719 317 766 Incomperta
344 719 447 756 ortus
474 717 637 765 novitas,
667 717 770 756 iubet
795 719 839 756 ut
866 719 968 759 Deus
997 730 1076 757 esse
1150 718 1227 756 570

81 772 260 810 Credatur
288 771 458 810 Christus
486 771 540 810 sic
567 771 754 810 conditus,
786 772 938 810 Innuba
966 772 1085 820 Virgo

83 825 204 863 Nubit
229 825 396 872 Spiritui,
426 825 558 874 Qum
586 824 979 877 neojenfflsijgss

87 879 270 916 Pubertas
298 878 450 927 signata
476 880 616 926 manet,
648 878 776 927 gravis
802 878 921 926 intus,
951 880 989 918 et
1015 880 1119 918 extra

83 932 301 979 Incolumis,
331 933 466 970 florens
494 933 537 970 de
565 931 757 977 fertilitate
783 932 931 980 pudica.

84 987 166 1023 Iam
192 988 325 1032 mater,
348 986 413 1024 sed
430 985 536 1034 virgo
554 987 695 1033 tamen,
715 986 831 1024 maris
849 986 970 1025 inscia
987 988 1119 1026 mater.
1152 987 1228 1025 575

81 1039 177 1085 Quid
186 1039 310 1077 renuis
319 1041 336 1076 ‘?
342 1039 440 1086 Quid
454 1039 565 1087 inane
580 1040 706 1088 caput,
717 1050 793 1078 non
800 1039 1230 1094 c-reduleb(3),qqi—1Qs‘axsij

82 1092 252 1141 Angelus
279 1093 347 1131 hoc
375 1094 511 1131 Sancto
538 1093 614 1131 fore
641 1093 795 1131 nuntiat
821 1104 904 1132 ore:
933 1093 1105 1142 placetne

0 1139 16 1149 ‘
83 1146 256 1193 Credere;
282 1148 320 1185 et
347 1146 527 1195 angelicis
555 1158 680 1185 aurem
707 1158 870 1185 reserare
895 1147 1080 1196 loquelis?

83 1200 173 1247 Ipsa
201 1201 431 1238 coruscantis
459 1200 640 1239 monitum
669 1211 775 1239 sacra
803 1200 919 1249 Virgo
946 1201 1110 1240 ministri

81 1253 260 1301 Credidit,
281 1255 391 1302 atque
410 1254 491 1292 ideo
509 1253 678 1302 concepit
695 1254 846 1292 credula
865 1254 1067 1294 Christum.
1150 1256 1227 1295 580

81 1307 400 1351 Credenteslnam„
421 1307 719 1356 Christusffaldist
752 1308 956 1347 dubitabile
982 1310 1111 1357 pectus

79 1360 154 1398 Sub
180 1360 366 1399 titubante
394 1361 466 1399 fide
493 1361 624 1409 refugo
652 1361 857 1400 contemnit
883 1362 1035 1400 honore.

81 1413 291 1462 Virginitas
320 1416 357 1453 et
383 1416 528 1462 promta
555 1415 648 1454 fides
676 1415 864 1454 Christum
894 1415 986 1454 bibit
1013 1416 1096 1455 alvo

81 1467 224 1515 Cordis‚
250 1469 288 1506 et
314 1468 466 1507 intactis
494 1469 622 1507 condit
648 1469 816 1517 paritura
842 1469 1009 1508 latebris.

83 1520 196 1560 Crede
224 1522 321 1569 quod
348 1522 504 1560 emissus
533 1522 624 1561 solio
654 1523 778 1561 Patris
806 1523 964 1571 angelus
991 1523 1089 1562 infit.
1149 1524 1225 1563 585

84 1573 165 1622 Vel,
196 1574 228 1612 si
256 1576 448 1613 concretus
475 1575 656 1623 liquidam
685 1576 728 1613 de
757 1576 874 1614 sidere
902 1588 1028 1615 vocem

75 1628 117 1665 N
120 1638 167 1666 on
194 1627 296 1676 capit
313 1629 479 1676 auditus,
500 1629 632 1668 mulier
651 1629 740 1678 quid
758 1629 914 1678 coniuge
932 1642 1146 1680 praegnans
1164 1630 1226 1681 (4)

143 1775 188 1815 (1)
210 1775 287 1806 haec
307 1785 378 1808 nos.
394 1776 566 1807 Tflnomvs:
587 1787 604 1805 «
620 1777 790 1815 Virtutem,
808 1786 862 1809 seu
881 1778 1115 1816 excellentiam,
1132 1788 1224 1817 quam

79 1825 134 1848 nos
154 1816 307 1850 catholici
329 1818 362 1848 in
385 1817 510 1849 Christo
532 1819 661 1850 Domino
682 1828 880 1858 veneramur,
904 1829 965 1851 non
988 1829 1055 1851 esse
1071 1814 1111 1851 311
1126 1822 1223 1853 homi-

79 1859 128 1889 nis
149 1859 268 1890 viribus
293 1860 499 1897 adquisitam,
523 1862 558 1891 et
579 1869 658 1898 quae
684 1862 797 1893 ceteris
827 1863 860 1892 in
887 1861 1066 1894 homiuibus
1095 1865 1225 1902 reperiri

73 1901 192 1939 possit,
215 1901 270 1932 sed
290 1903 462 1938 nemmem,
485 1910 522 1933 ac
543 1902 640 1935 solius
662 1903 737 1934 Filii
761 1904 817 1934 Dei
839 1905 1013 1943 propriam.
1037 1915 1056 1934 »
1103 1931 1107 1935 .

144 1943 190 1982 (2)
211 1945 303 1974 tener
322 1943 421 1973 illum
435 1945 578 1974 seminat
593 1946 692 1983 iqm‘s.
711 1946 794 1977 Deus
809 1946 945 1984 scilieet,
962 1947 1015 1984 qui
1031 1947 1113 1984 ignis
1128 1957 1226 1987 purus

81 1985 142 2021 est,
165 1984 255 2015 illum
281 1984 442 2017 Christum
469 1986 584 2024 gignit.
615 1986 700 2026 Quae
727 1989 821 2019 verba
850 1988 976 2019 Isomvs
1003 1989 1043 2019 ad
1071 1988 1104 2020 S.
1127 1990 1224 2029 Spiri-

83 2028 152 2056 tum
168 2026 258 2057 docet
278 2026 403 2059 referri.
916 2055 918 2057 ,

137 2067 187 2108 (3)
209 2078 273 2098 non
293 2069 422 2099 credule
445 2080 463 2098 «
485 2069 611 2108 perfide,
634 2070 683 2101 vel
698 2071 952 2103 Homuncionita.
976 2082 996 2101 »
1013 2072 1081 2103 Vet.
1098 2073 1218 2105 Glossa.

141 2108 194 2151 (4)
216 2111 297 2150 quid
319 2112 496 2150 com'uye...
520 2122 539 2143 κ
561 2112 675 2144 marito
696 2113 847 2147 Zacharia
871 2125 900 2145 ».
926 2114 999 2149 Vet.
1023 2115 1143 2150 Glossa.
