1566 2482
12 2190 43 2482 §nar-’zi‘ffflmww
10 2076 31 2154 vsu*-
11 2039 23 2050 ν
8 2014 11 2020 “
8 1960 18 1991 ⁷⁴
0 1873 16 1929 “¹¹'‘

223 86 231 91 ι
263 80 286 94 .-ι’,
386 83 397 94 ’.4
407 80 421 89 “’”
462 82 473 90 ‹
483 80 487 82 ⁸
518 86 529 94 ⁷«
547 82 555 87 ⁸*
576 87 578 89 ·
597 87 599 92 ι
610 84 618 93 ⁴
639 91 641 93 .
663 90 667 94 ι

179 94 185 102 a
208 101 229 109 ,ι
252 106 254 108 ,
339 92 365 110 5⁸3
382 96 400 104 —.
427 91 483 105 ,ιαμ
700 92 723 101 ⁸-
759 103 763 110 ,

252 108 266 118 4-
285 112 291 116 -
312 103 333 129 :f
372 108 396 127 'v'
411 114 415 118 .
443 108 456 114 <·
472 110 475 117 ι
522 110 526 112 ὴ
660 106 668 119 A

313 214 326 220 ,
382 191 527 219 comm
554 167 750 221 sumacm
776 166 990 220 oaa'rionan
1178 180 1255 218 243

170 298 341 338 Praemia
353 298 557 346 deminuit3
579 299 659 348 qui,
675 298 857 348 quidquid
870 299 1159 338 fortiter'actum
1180 299 1254 346 est,

172 353 363 392 Adscribit
390 353 541 400 Veneri,
570 353 733 402 palmam
761 353 963 391 victoribus
990 352 1125 391 aufert.

172 407 326 445 Frustra
342 406 460 455 igitur
485 418 616 445 currus
640 417 784 445 summo
809 406 988 444 miramur
1014 406 1054 444 in
1083 417 1171 444 arcu
1192 405 1255 456 (1)

170 459 431 508 Quadriiugos,
462 461 677 508 stantesque
704 460 814 498 duces
842 459 882 498 in
910 459 1079 498 curribus
1107 460 1196 498 altis
1225 479 1231 484 ·

171 513 373 558 FabriciOS,
405 513 548 558 Curios,
579 513 668 551 hinc
696 514 853 559 Drusos,
883 513 969 551 inde
999 513 1198 551 Camillos:

169 567 244 605 Sub
271 567 494 615 pedibusque
522 567 656 606 ducum
683 566 851 614 captivos
877 566 1015 614 poplite
1043 566 1136 604 flexo

170 621 230 660 Ad
257 620 348 669 iuga
376 621 581 668 depressos,
613 620 857 668 manibusque
889 620 929 657 in
955 621 1062 668 terga
1089 619 1252 665 retortis,

170 675 220 712 Et
246 685 427 722 suspensa
454 674 561 722 gravi
589 674 743 712 telorum
773 673 962 722 fragmina
989 674 1146 719 trunco;
1175 674 1255 725 ‘560

169 727 207 766 Si
234 728 438 774 Brennum,
462 727 704 773 Antiochum,
735 728 889 773 Persen,
912 727 1110 775 Pyrrhum,
1134 726 1256 764 Mitri-

171 781 294 827 Flora‚
314 781 477 827 Matuta,
499 781 607 820 Ceres
626 782 664 819 et
683 781 886 818 Larentina
905 780 1067 828 subegit.
1100 779 1254 830 [datem,

117 833 189 872 His
214 835 340 872 tamen
369 834 583 881 auspicibus
612 845 805 872 successus
834 834 963 872 dextra
992 834 1174 872 dederunt

171 884 307 925 Omina
334 887 528 934 laetificos,
558 893 595 925 et
623 887 711 925 felix
738 887 860 924 adfuit
887 887 978 926 ales.
1162 885 1255 937 [565

170 941 266 987 Quid
293 940 364 979 sibi
397 940 478 978 vult
513 940 660 978 virtus?
689 940 777 988 quid
810 940 959 988 gloria?
988 940 1021 978 si
1054 940 1255 978 Corvinum

171 995 310 1032 Corvus
338 993 558 1042 Apollineus
587 993 647 1042 (2)
677 1005 801 1041 penna
827 993 885 1031 vel
914 994 1066 1041 gutture
1094 993 1213 1031 iuvit?

170 1047 239 1085 Sed
267 1048 389 1085 tamen
421 1047 480 1085 hic
508 1057 640 1085 corvus
667 1058 733 1085 cur
760 1046 878 1084 defuit
906 1046 1048 1084 exitiali

170 1101 277 1138 Forte
305 1100 377 1147 die,
398 1100 585 1138 infaustas
613 1101 779 1148 tegerent
797 1111 911 1148 quum
939 1099 1070 1138 funera
1090 1101 1254 1147 Cannas,

171 1155 437 1202 oppeteretque
465 1159 575 1202 super
601 1158 779 1202 congesta
806 1154 988 1191 cadavera
1016 1154 1176 1191 consul?

170 1208 243 1246 Cur
257 1207 447 1246 Cremerae
463 1207 499 1244 in
515 1207 658 1255 campis
671 1206 815 1245 cornice
831 1207 889 1245 vel
905 1207 1029 1245 oscine
1047 1219 1156 1255 parra
1178 1206 1254 1255 (3),

169 1261 287 1298 Nemo
314 1261 422 1298 deum
449 1261 593 1299 monuit
618 1260 801 1308 perituros
828 1261 949 1298 Marte
968 1260 1121 1298 sinistro
1161 1258 1255 1311 [570

167 1315 386 1352 Tercentum
413 1314 564 1361 Fabios,
594 1314 656 1352 vix
684 1313 799 1361 stirpe
829 1314 1027 1361 superstite
1055 1314 1094 1351 in
1124 1316 1228 1352 uno?

168 1367 332 1406 Nullane
357 1367 542 1406 tristificis
569 1367 738 1406 Tritonia
756 1369 902 1406 'noctua
932 1367 1056 1406 Carris
1077 1368 1136 1417 (4)
1163 1367 1178 1387 ·’

179 1466 224 1505 (1)
241 1475 369 1496 summo
380 1467 549 1496 miramur
559 1467 596 1496 in
608 1476 702 1497 arcu.
715 1467 752 1497 In
765 1475 801 1496 ea
816 1467 906 1504 parte
917 1466 1121 1505 triumphalis
1133 1476 1254 1500 currus.

117 1516 196 1544 quae
211 1509 365 1538 arcuatim
380 1517 507 1538 curvam
525 1508 654 1538 formam
666 1508 848 1546 praesefert,
861 1509 1007 1547 insculpti
1021 1510 1257 1547 conspiciuntur

117 1550 225 1584 (luces,
246 1550 503 1587 captivorumque
524 1549 652 1581 vexilla.

180 1589 231 1630 (2)
253 1600 369 1621 corvus
381 1591 592 1629 Apollineus.
608 1590 678 1622 scil.
693 1590 831 1628 Apollini
846 1592 1045 1621 consecratus
1060 1600 1079 1621 a
1092 1591 1254 1630 Romanis.

116 1633 256 1662 Iamvero
276 1640 387 1662 corvus
407 1632 507 1663 fertur
527 1633 689 1670 pronepoti
711 1633 755 1663 M.
782 1633 897 1662 Va'erii
922 1633 1108 1671 Poplicolae,
1129 1642 1200 1664 cum
1221 1634 1256 1663 in

116 1674 267 1710 singulari
297 1675 470 1705 certamine
494 1677 605 1704 contra
630 1675 763 1704 militem
789 1674 912 1705 Gallum
937 1675 1174 1712 digladiaretur,
1198 1675 1257 1705 alis

118 1720 277 1752 rostroque
303 1715 481 1746 adiumento
501 1716 609 1752 fuisse,
638 1716 730 1753 plane
752 1718 789 1746 ut
817 1717 966 1748 vinceret.
1002 1717 1087 1746 Vnde
1115 1717 1182 1747 eius
1203 1726 1253 1747 co-

116 1765 249 1794 gnomen
278 1755 417 1789 Corvini.
439 1757 477 1788 V.
500 1758 571 1788 Lnr.
596 1757 664 1793 vn,
694 1758 749 1788 26.

181 1799 227 1836 (3)
250 1798 418 1828 Cremerae
439 1800 477 1829 in
498 1800 624 1838 campis
637 1801 775 1834 cornice,
793 1799 843 1829 vel
858 1800 965 1829 οεοίηε
973 1809 1098 1838 parra.
1116 1799 1193 1829 Avis
1207 1801 1256 1829 est
1298 1807 1300 1809 ·

119 1849 224 1878 parra.
242 1839 290 1869 vel
306 1840 387 1878 apud
397 1841 510 1871 Hms.
525 1841 667 1880 parrha,
679 1842 757 1871 mali
769 1841 894 1872 ominis.
911 1841 988 1871 Eam
1006 1844 1160 1871 memorat
1171 1842 1252 1873 Hoa.

118 1882 259 1919 Lyricor.
281 1881 340 1918 Ill,
362 1882 425 1912 Ode
446 1882 500 1915 27.

180 1923 226 1962 (4)
251 1923 405 1952 Tritonia
418 1927 538 1954 nectum
554 1924 676 1954 Garris
687 1924 898 1955 Adoozitans.
917 1925 1040 1954 Noctua
1054 1924 1176 1954 Palladi
1195 1924 1256 1954 suit

115 1973 217 1998 sacra,
240 1964 434 1995 Athenarum
455 1966 606 2003 praesidi,
626 1968 753 2004 propter
774 1966 989 2002 vigilantiam¹
1006 1966 1037 1995 in
1062 1966 1256 1996 Litterarum

116 2006 242 2040 studiis:
256 2006 397 2037 Minerva
410 2012 514 2037 aulem
530 2008 634 2038 Pallas
648 2007 711 2037 fuit
723 2008 955 2044 cognominata,
972 2007 1017 2037 vel
1035 2007 1115 2043 quod
1131 2008 1255 2037 hastam

116 2056 203 2077 suam
225 2049 375 2084 gestaret,
402 2049 447 2078 vel
470 2049 549 2085 quod
571 2050 604 2078 in
626 2049 770 2080 Pallante
791 2049 915 2079 Africae
931 2049 1044 2086 palude
1058 2058 1127 2078 eam
1152 2054 1254 2078 ortum

117 2089 262 2119 habuisse
282 2089 405 2119 dicunt.
427 2106 470 2112 —
484 2091 614 2122 Carris.
630 2091 758 2127 Carrae,
771 2092 827 2120 aut
847 2091 994 2128 Carrhae,
1018 2099 1123 2126 arum:
1148 2091 1254 2120 urbem

117 2131 212 2160 fuisse
232 2131 347 2169 putant
367 2139 459 2170 penes
478 2131 634 2170 Assyrios,
656 2140 734 2169 quae
761 2132 793 2162 in
815 2132 921 2162 Sacris
946 2132 1078 2168 Litteris
1109 2132 1253 2162 Charam
