1566 2482
695 160 849 190 Anum
875 146 1094 192 Pavor-„mn

374 270 500 317 Aruit,
529 271 567 308 et
594 271 740 308 tenuem
767 270 829 308 vix
856 270 978 309 stillat
1003 282 1099 310 vena
1125 271 1306 320 liquorem
1315 276 1337 326 ἱ)Δ

374 325 473 362 Num
501 323 654 371 refugus
682 325 829 362 nostras
855 324 934 362 odit
960 324 1233 374 praestringere
1260 326 1361 375 ripas

374 377 524 423 Amnis,
555 379 592 414 et
617 378 765 415 exustos
792 389 940 416 cursum
968 378 1128 416 deflectit
1154 379 1203 417 ad
1229 380 1373 419 Indos?

373 431 473 468 Num
501 432 624 468 tractu
651 430 691 467 in
718 430 837 469 medio
863 430 1012 469 bibulus
1030 433 1136 470 vorat
1162 432 1290 471 alveus
1311 435 1451 473 undam
1512 456 1514 458 v

373 483 569 530 Fluminis,
586 485 624 522 et
650 484 773 522 subito
800 486 936 533 stagna
954 485 1198 524 absorbentur
1212 485 1346 525 hiatu?
1373 489 1451 527 930

371 538 429 575 Ne
456 537 578 576 sulcos
606 537 745 584 operire
772 537 894 584 vadis,
923 541 1015 576 neve
1043 538 1149 576 arida
1175 539 1322 587 possint

371 590 534 639 Aegypti
561 602 624 638 per
650 590 765 638 plana
791 591 907 643 trahi,
936 591 1138 640 glebasque
1165 591 1329 640 rigentes

372 643 514 682 [nfusis
542 643 590 681 ad
616 643 754 692 pingue
782 644 901 682 lutum
928 644 1071 683 mollire
1099 645 1271 684 fluentis:

372 697 476 735 Vnde
504 708 609 745 seges
636 696 711 734 late
738 696 885 735 crinitis
910 697 1063 736 fluctuet
1089 698 1192 746 agris
1221 698 1298 749 (1),

370 750 530 788 Densius
558 751 595 788 et
621 750 787 797 gravidis
813 762 852 789 se
866 750 1003 789 vestiat
1029 762 1164 799 aequor
1191 753 1346 792 aristis?
1374 755 1450 792 935

370 803 539 851 Respice,
569 815 658 840 num
686 803 816 852 Libyci
844 804 1001 842 desistat
1027 805 1124 843 ruris
1151 807 1276 844 arator
1297 806 1357 857 (2)

371 857 581 895 Frumentis
609 868 760 895 onerare
787 858 902 904 rates,
933 859 970 896 et
996 858 1046 896 ad
1073 858 1169 896 ostia
1195 859 1317 898 Tibris

370 911 516 948 Mittere
544 909 708 948 triticeos
735 911 775 948 in
803 912 953 958 pastum
980 911 1100 959 plebis
1126 915 1304 951 acervos?

370 965 518 1002 Numne
546 963 719 1002 Leontini
747 964 910 1002 sulcator
937 964 1077 1002 solvere
1103 965 1225 1013 campi

371 1018 496 1056 Cesset
523 1016 722 1065 frugiferas
750 1017 925 1066 Lilybaeo
952 1030 996 1056 ex
1022 1017 1129 1056 litore
1156 1019 1336 1058 cumbas?
1372 1021 1449 1058 940

369 1071 404 1108 N
407 1082 447 1108 cc
467 1071 529 1108 det
548 1071 629 1108 vela
648 1070 766 1117 fretis,
787 1072 955 1109 Romana
974 1083 1041 1109 nec
1059 1071 1191 1109 horrea
1210 1074 1359 1120 rumpat
1387 1073 1446 1122 (3)

368 1124 563 1162 Sardorum
590 1126 768 1172 congesta
795 1124 933 1162 vehens
960 1124 1137 1172 granaria
1165 1124 1325 1164 classis?

318 1271 368 1301 11.
391 1270 430 1301 Ν.
454 1270 503 1300 6.;
529 1269 640 1302 Samso.
672 1272 802 1308 Quae-st.
825 1273 950 1303 Natur.
974 1272 1009 1302 L.
1033 1271 1086 1309 VI,
1109 1272 1183 1310 cap.
1209 1273 1293 1304 VIII.
1327 1273 1447 1305 Avson.

316 1313 424 1350 Epigr.
447 1311 499 1342 IV.

377 1353 423 1391 (1)
445 1353 578 1385 crinitis
598 1355 733 1390 fluctuet
755 1355 860 1392 agris.
884 1355 1034 1385 Smomvs
1063 1354 1274 1386 Aponmmms
1287 1355 1343 1393 Ep.
1364 1357 1447 1393 vm,

316 1395 383 1426 Lib.
408 1396 426 1424 8
450 1395 549 1424 dixit:
575 1405 593 1423 «
616 1396 699 1432 prati
733 1397 885 1426 comantis
906 1397 1036 1426 exuviae
1059 1406 1088 1425 ».
1114 1396 1288 1427 SALlenvs
1315 1398 1359 1428 De
1381 1398 1449 1429 Gu-

315 1438 401 1466 bern.
418 1436 542 1466 Deilib.
561 1436 577 1465 7
595 1437 632 1466 de
646 1436 838 1473 Aquitania:
869 1438 1023 1467 «crinita
1048 1438 1250 1470 messibus».
1277 1439 1359 1471 Bon.
1385 1441 1449 1479 ipse

317 1478 407 1515 Lym
410 1486 454 1508 or
480 1478 515 1508 L.
540 1478 592 1511 IV
618 1478 636 1508 2
662 1479 718 1508 hac
739 1480 845 1509 eadem
866 1479 1073 1509 translatione
1099 1488 1170 1510 usus
1184 1482 1249 1510 est:
1285 1491 1302 1510 ‹
1320 1481 1449 1512 redeunt

316 1521 377 1549 iam
399 1520 543 1555 gramina
565 1520 695 1557 campis,
716 1520 952 1570 Arboribusque·
966 1529 1071 1551 comae
1087 1532 1117 1552 ›,›

378 1561 424 1599 (2)
450 1561 538 1590 Num
566 1562 607 1590 L
597 1561 685 1598 ‚fluct
706 1561 843 1592 desistat
873 1563 969 1592 ommis
989 1565 1117 1592 arator.
1141 1561 1279 1600 Quatuor
1300 1563 1448 1600 granaria

314 1603 459 1632 Romalis
474 1602 802 1641 fuere.duopropi01a
819 1604 912 1640 Vrbi,
928 1604 994 1635 scil.
1016 1604 1124 1634 Sicilia
1143 1606 1177 1634 et
1201 1603 1449 1640 Sardinia;d110

262 1666 265 1670 Δ
316 1644 492 1678 remotiora,
522 1643 627 1682 Aegy,
630 1645 680 1675 tus
695 1646 727 1675 et
749 1645 858 1682 lybia.
882 1645 940 1675 Sed
958 1646 1121 1683 postquam
1145 1645 1366 1676 Constantinus
1390 1647 1449 1677 im-

314 1685 431 1722 perium
442 1685 614 1715 Romanum
627 1686 743 1716 divisit.
760 1687 925 1723 urbemque
940 1687 1123 1725 Bysantium
1139 1695 1178 1716 ex
1189 1695 1243 1716 suo
1257 1688 1379 1718 nomino
1393 1696 1446 1726 ap-

316 1726 420 1764 pellari
444 1736 551 1764 passus
566 1728 625 1763 est,
655 1730 721 1757 tum
736 1729 891 1758 enimvero
905 1728 1064 1766 Aegypms
1074 1728 1222 1764 granaria
1234 1737 1290 1758 sua.
1303 1729 1447 1759 orientali

315 1768 443 1805 imperio
466 1767 504 1797 ad
528 1768 642 1805 plebem
666 1769 871 1807 Byzantinam
892 1769 1033 1799 alendam
1055 1769 1196 1804 reclusit,
1219 1770 1252 1799 et
1266 1769 1373 1800 Africa
1386 1769 1446 1800 Ro·

314 1818 404 1839 mano
426 1809 535 1847 populo
558 1812 606 1839 est
627 1810 751 1845 renota.
776 1811 855 1847 quod
876 1813 969 1848 poeta
990 1811 1095 1841 noster
1117 1811 1274 1846 attingere
1297 1811 1435 1843 videtur.

375 1850 420 1889 (3)
443 1851 594 1881 Romana
615 1861 670 1881 nec
691 1852 808 1882 horrea
834 1855 1024 1890 rumpat...,
1041 1857 1167 1890 propter
1188 1851 1310 1888 frugum
1335 1861 1444 1890 conge-

311 1895 429 1922 starum
451 1892 561 1922 molem
577 1891 687 1924 horrea
701 1894 805 1931 rupta.
826 1894 860 1924 V.
886 1894 978 1923 Vmo.
1004 1893 1120 1932 θεον-9.
1143 1893 1168 1930 Ι,
1190 1893 1241 1924 49.
1259 1893 1319 1924 Hic
1340 1902 1447 1924 versus

314 1933 541 1963 Prudentianus
563 1933 692 1964 Carmen
714 1934 821 1964 IAcom
836 1935 999 1964 anmmn:
1015 1935 1045 1964 in
1063 1935 1197 1965 mentem
1212 1935 1300 1965 nobis
1313 1935 1446 1972 reducit,

313 1975 343 2004 in
356 1983 414 2011 quo
426 1975 574 2011 rusticus,
587 1975 625 2005 ad
639 1978 855 2014 paupertatem
872 1976 1026 2012 redactus,
1040 1975 1115 2006 haec
1136 1976 1273 2006 lamenta
1288 1976 1447 2007 effundens

311 2017 485 2047 inducitur:
509 2026 527 2044 «
544 2016 595 2046 Ma
616 2026 649 2047 se
672 2026 725 2055 per
747 2017 794 2047 noi
821 2026 877 2047 non
895 2018 995 2054 cigola
1010 2034 1051 2040 —
1074 2018 1117 2048 La
1131 2018 1219 2048 trave
1233 2017 1281 2048 del
1303 2019 1441 2056 grunnio,

311 2074 352 2079 —
365 2057 403 2088 So
425 2057 639 2089 d'intonchita
659 2058 764 2095 sagula
778 2075 817 2081 —
832 2058 864 2089 Si
881 2059 979 2089 colma
995 2068 1014 2089 a
1028 2059 1077 2089 noi
1092 2058 1122 2089 lo
1135 2059 1219 2089 staio
1231 2080 1240 2088 .
1255 2083 1263 2092 .
1279 2082 1287 2091 .
1311 2069 1331 2088 »
1351 2060 1443 2090 Pon.

312 2098 375 2129 Vol.
400 2099 440 2128 II.
464 2108 537 2136 pag.
561 2100 613 2135 60,
637 2100 682 2130 Le
705 2101 869 2137 Μοηητῗεν,
892 2101 1032 2131 Firmze
1057 2101 1150 2132 1896.
