1566 2482
260 0 287 10 >r
307 0 341 10 ιη
367 0 374 10 ιν
392 0 417 13 cr
440 0 1063 30 *¹1*.‹·*‡*5·5.·?j2⁷⁶²W⁴‘21'*WQ“53?¹?2*W-
1093 15 1103 18 Α.
1124 2 1165 21 ἰ-Ἷ(

489 22 518 30 -;
556 30 578 33 ‚⁷
624 20 627 23 >
683 18 691 25 *ι
807 25 813 30 .
939 20 1022 34 ,-“·-

301 137 378 180 116
676 151 829 180 Ανηιηιι
864 152 1067 181 annuwm

297 262 450 300 Munere
478 260 545 298 sed
571 260 691 299 somni
721 260 798 311 (1),
829 260 1019 309 paulisper
1054 272 1164 301 carne
1193 266 1387 314 sequestra

298 315 407 354 Liber
434 314 482 352 ad
509 314 701 362 intuitum,
729 326 926 363 sensuque,
957 314 1146 364 oculisque
1179 328 1402 368 peragrans,

300 367 438 407 Ordine
466 367 664 416 dispositos
691 367 857 406 venturis
884 368 1024 407 solibus
1051 380 1171 408 annos
1200 370 1260 422 (2)
1360 373 1438 413 915

299 422 532 460 Procinctum
562 422 664 460 videt
689 421 914 470 angelicum,
943 422 1019 460 iam
1044 423 1191 471 iamque
1216 427 1406 466 cremandi

299 475 408 514 Orbis
434 474 475 513 in
503 475 699 522 excidium,
729 486 860 514 raucos
887 477 925 514 et
950 476 1108 525 percipit
1134 488 1223 516 aure

297 528 467 577 Mugitus
495 529 667 577 gravium
694 529 824 567 mundi
851 530 920 568 sub
948 530 1022 568 fine
1049 530 1238 570 tubarum.

297 583 401 620 Haec
428 582 491 620 iile
519 583 608 621 ante
635 582 792 631 obitum,
822 584 1067 622 membrorum
1094 595 1238 624 carcere
1271 589 1399 635 septus

296 635 491 674 secedente
519 636 661 684 anima,
691 648 766 675 non
795 636 1007 676 discedente
1033 637 1198 677 videbat.
1360 643 1438 681 920

298 690 432 728 Nonne
459 690 582 739 magis
609 691 722 728 flatus
750 690 830 728 sine
858 702 1006 738 corpore
1033 693 1168 730 cuncta
1203 694 1364 742 notabit,

299 743 469 791 Corporis
497 743 698 782 involucris
725 744 869 782 tumulo
897 744 1056 793 frigente
1084 746 1242 794 repostis
1257 749 1274 784 ⁶?

299 797 407 835 Certa
435 797 541 844 fides,
572 798 719 845 rapidos
749 797 808 847 (3)
839 798 907 836 sub
934 799 1041 837 terna
1068 801 1175 838 nocte
1202 800 1383 849 caminos,

297 850 366 896 Qui
395 850 576 898 pollutam
603 851 769 889 animam
795 863 859 899 per
887 852 1035 891 saecula
1062 853 1177 903 longa
1204 855 1359 903 perenni

297 905 392 952 Igne
420 906 599 953 coquunt,
630 904 747 943 oculis
774 904 930 953 longum
965 918 1029 954 per
1065 907 1179 946 inane
1216 909 1347 948 remoti
1376 910 1436 959 (4)

301 1011 478 1058 Pauperis
507 1011 714 1059 expositos:
745 1023 813 1050 nec
842 1012 960 1051 secius
988 1025 1101 1051 aurea
1128 1014 1225 1053 dona
1341 961 1357 1014 [

298 1065 486 1103 Iustorum
514 1065 709 1103 dirimente
737 1065 830 1103 chao
860 1065 937 1116 (5),
968 1067 1173 1116 rutilasque
1199 1080 1356 1108 coronas

298 1117 453 1156 Eminus
481 1119 627 1157 ostendi
655 1130 857 1166 poenarum
884 1131 1029 1158 carcere
1058 1121 1202 1160 mersis.

301 1171 400 1210 Hinc
427 1172 702 1211 Paradisicolae
730 1174 815 1220 post
838 1173 962 1212 ulcera
991 1174 1071 1212 dira
1098 1175 1205 1213 beato

299 1225 474 1263 Proditur
500 1226 644 1273 infelix,
674 1226 825 1264 ululans
852 1227 892 1265 in
921 1229 1023 1275 peste
1050 1230 1190 1276 reatus,
1359 1231 1436 1268 930

296 1278 479 1326 Spiritus3
510 1279 620 1328 inque
649 1280 764 1318 vicem
794 1280 1007 1319 meritorum
1035 1283 1166 1320 mutua
1193 1284 1365 1321 cernunt.

360 1449 404 1489 (1)
428 1459 563 1480 mmm-e
578 1451 633 1480 sed
645 1453 761 1481 somni.
777 1451 853 1481 Vide
866 1452 897 1481 in
924 1450 1075 1500 Καθ-ημ,
1100 1453 1153 1490 Ἦ,
1178 1453 1218 1484 84
1241 1463 1318 1491 quae
1340 1463 1434 1486 anno-

299 1493 447 1528 iuvimus.

361 1539 407 1579 (2)
431 1540 554 1570 Ordine
576 1540 748 1578 dispositos
771 1541 919 1570 venturis
939 1542 1063 1572 solibus
1085 1552 1199 1574 annos.
1221 1542 1278 1581 Qui
1303 1543 1334 1573 in
1355 1543 1436 1582 Apo-

297 1581 429 1619 calypsis
448 1582 561 1611 librum
584 1582 722 1611 studium
745 1583 776 1612 et
798 1591 919 1621 operam
943 1584 1149 1617 contu'erunt.
1174 1585 1312 1622 plerique
1333 1594 1437 1617 omnae
1457 1595 1461 1599 ’

297 1623 488 1653 contendunt
509 1632 545 1653 ea
567 1632 645 1660 quae
668 1624 698 1654 S.
721 1624 858 1654 IoANNEs
880 1634 899 1654 a
921 1633 989 1663 (ap.
1013 1626 1055 1655 IV
1073 1626 1111 1655 ad
1127 1626 1204 1656 XXI
1224 1626 1435 1663 congaesit‚id

260 1692 262 1695 .
295 1666 444 1703 temporis
464 1666 599 1703 spatium
621 1665 796 1703 complecti,
821 1666 900 1703 quod
915 1667 954 1696 ab
976 1667 1108 1697 adventu
1130 1668 1156 1698 1.
1179 1668 1306 1698 Cumsu
1320 1669 1438 1706 pertin-

297 1707 344 1742 git
365 1706 405 1736 ad
426 1707 539 1736 saeculi
561 1707 708 1736 mundani
730 1707 832 1737 finem.
856 1707 915 1738 Sed
936 1709 1085 1738 orationis
1107 1709 1280 1739 obscuritas
1308 1718 1370 1746 qun.
1390 1710 1439 1740 di-

296 1749 388 1778 vinus
403 1748 454 1777 hic
470 1748 550 1777 libor
565 1749 735 1785 obtegitur,
752 1749 865 1778 multos
883 1750 914 1778 in
930 1750 1043 1780 multas
1058 1751 1269 1780 aberrationes
1297 1751 1434 1788 impulit.

361 1789 411 1829 (3)
435 1789 529 1820 Certa
551 1790 630 1827 fides
651 1791 711 1821 eto.
738 1791 870 1820 Dubium
892 1800 951 1820 non
967 1793 1014 1821 est
1025 1792 1099 1829 quin
1116 1793 1204 1827 iusti,
1222 1801 1290 1822 cum
1308 1792 1432 1823 Christo

296 1832 327 1860 in
350 1832 432 1861 caelo
446 1832 607 1862 ‚beatitate
628 1831 735 1869 potiti.
759 1832 862 1869 ignem
884 1833 1098 1871 tormentaque
1114 1834 1244 1864 cernant
1259 1834 1370 1871 quibus
1386 1844 1435 1865 ve-

297 1874 414 1903 xantur
435 1873 467 1902 in
490 1872 598 1903 inferis
620 1873 769 1911 improbi;
804 1874 916 1910 quique
937 1876 1113 1904 sanctorum
1145 1876 1219 1905 item
1243 1875 1436 1906 cumulatum

296 1914 444 1950 gaudium
466 1915 561 1945 oculis
584 1915 806 1946 internoscant.
832 1916 868 1946 V.
892 1916 968 1946 ch.
991 1916 1076 1947 XVI.
1172 1921 1174 1923 ’

359 1955 406 1995 (4)
421 1966 487 1996 per
508 1957 608 1986 inane
629 1957 743 1987 remoti
766 1974 805 1979 —
830 1957 934 1987 Gism.
952 1968 1014 1996 per
1035 1959 1133 1988 inane
1154 1959 1296 1989 remotis.

358 1999 402 2035 (5)
425 1998 598 2028 dirimente
610 1999 698 2030 chao.
718 1998 817 2029 Chaos
832 2008 885 2036 pro
901 2000 1014 2037 spatio,
1029 2001 1151 2037 abysso,
1166 2001 1317 2030 vastitate
1331 1999 1436 2030 hianti

295 2040 327 2068 et
349 2040 483 2077 patenti.
506 2040 590 2070 Alios
617 2041 700 2071 vocis
732 2040 908 2071 intellectus
941 2042 1160 2072 annotavimus
1189 2042 1222 2072 in
1245 2039 1435 2088 Καθημερ,

295 2084 352 2121 ΙΧ,
378 2085 430 2122 81,
453 2086 515 2117 etc.

1559 2275 1560 2278 „
1548 2136 1566 2262 ,ιι-μ
