1566 2482
257 136 332 176 108
624 147 776 176 Avaanu
812 147 1014 177 PRVDENTII

255 256 426 304 Angelus
441 256 538 294 hanc
556 256 689 303 hospes
703 255 825 304 legem
842 255 1129 304 praescripserat
1147 255 1231 294 ollis
1260 255 1336 306 (1),

255 309 424 347 Emissus
452 309 589 348 virtute
617 308 687 347 Dei
715 310 784 347 sub
811 309 976 358 imagine
1005 309 1120 359 dupla
1150 311 1230 359 (2);

257 363 388 401 Omnis
417 364 458 401 ut
485 375 504 401 e
531 362 648 411 portis
676 362 746 400 iret
773 363 918 411 domus,
948 365 1058 412 atque
1085 364 1126 402 in
1153 364 1322 411 apertum

257 416 442 464 Dirigeret
469 417 645 455 constans
674 416 813 464 oculos,
844 428 912 455 nec
938 428 1033 465 pone
1060 417 1193 456 reflexo
1335 451 1338 454 Α

261 470 412 508 Lumine
440 471 640 518 regnantes
667 481 732 518 per
759 470 904 509 moenia
931 473 1096 509 cerneret
1121 471 1243 520 ignes.
1317 470 1391 508 735

257 524 375 562 Nemo
404 535 540 563 memor
567 524 758 570 Sodomae,
781 535 874 572 quae
902 524 1032 562 mundi
1059 524 1178 563 forma
1205 525 1393 563 cremandi

1303 577 1390 628 [est,

258 631 308 667 Ut
336 630 447 668 semel
475 642 494 668 e
522 630 638 669 muris
666 642 835 679 gressum
861 631 1097 679 promoverit,
1128 643 1187 671 ore

258 685 348 721 Post
374 685 521 732 tergum
550 695 668 731 verso,
698 685 877 731 respectet
903 684 1035 723 funera
1061 696 1197 723 rerum.

258 737 353 775 Loth
380 738 531 776 monitis
560 738 708 785 sapiens
737 738 978 786 obtemperat,
1009 740 1049 776 at
1075 739 1169 777 levis
1196 750 1286 778 uxor

258 790 465 828 Mobilitate
494 791 611 829 animi
641 791 699 840 (3)
730 792 839 830 torsit
866 791 1042 830 muliebre
1060 794 1243 831 retrorsus
1317 793 1392 831 740

258 844 473 892 Ingenium,
505 845 741 892 Sodomisque
769 845 848 889 suis
875 846 1092 884 revocabilis
1119 846 1240 885 haesit
1269 846 1344 896 (4).

257 899 434 935 Traxerat
461 899 541 937 Eva
568 898 689 936 virum
717 898 818 937 dirae
845 899 894 937 ad
921 900 1108 938 consortia
1136 900 1287 947 culpae:

259 952 361 989 Haec
387 963 546 999 peccans
575 952 646 990 sibi
674 952 753 990 sola
780 953 889 1000 perit,
921 953 1081 991 solidata
1107 954 1259 992 metallo

260 1004 424 1052 Diriguit
451 1005 593 1053 fragiH,
623 1017 824 1053 saxumque
851 1006 1029 1054 liquabile
1058 1007 1117 1055 (5)
1146 1007 1263 1045 facta.

257 1059 339 1096 Stat
358 1058 489 1097 mulier
510 1059 585 1109 (6),
621 1059 718 1098 sicut
749 1061 903 1097 steterat
929 1060 1047 1108 prius,
1082 1061 1208 1098 omnia
1239 1058 1393 1099 servaris

1298 1112 1393 1164 [745

258 1166 372 1203 Caute
400 1164 558 1213 sigillati
585 1165 739 1214 longum
768 1166 859 1204 salis
887 1166 1066 1214 effigiata,

257 1219 306 1256 Et
320 1219 444 1265 decus,
458 1220 495 1257 et
509 1219 665 1266 cultum,
683 1219 927 1268 frontemque,
941 1220 1150 1268 oculosque,
1163 1231 1390 1268 comamque,

258 1273 306 1310 Et
334 1272 466 1310 flexam
493 1272 533 1310 in
560 1274 706 1321 tergum
733 1273 881 1320 faciem,
910 1274 1148 1322 paullumque
1174 1274 1294 1312 relata

258 1326 386 1363 Menta
399 1327 510 1373 retro,
532 1326 707 1374 antiquae
724 1329 962 1365 monumenta
978 1327 1037 1377 (7)
1057 1327 1219 1376 rigentia
1233 1339 1363 1374 noxae,

258 1379 430 1427 Liquitur
456 1380 523 1417 illa
550 1380 698 1428 quidem
724 1380 836 1419 salsis
864 1381 1059 1420 sudoribus
1086 1381 1184 1428 uda3
1315 1381 1391 1420 750

321 1463 364 1500 (1)
388 1462 483 1492 ollis:
506 1462 698 1493 archaismus
721 1472 775 1501 pro
797 1463 878 1494 illis.

321 1504 367 1541 (2)
389 1504 450 1534 sub
471 1505 616 1543 imayine
637 1505 753 1543 dupla.
778 1505 815 1535 V.
838 1505 957 1543 Apotle.
982 1514 1012 1536 v,
1035 1506 1087 1536 30.
1158 1533 1163 1539 .

321 1545 368 1584 (3)
392 1545 571 1576 Mobilitate
592 1548 710 1578 animi.
736 1547 831 1577 Recte
852 1547 889 1577 de
910 1547 1004 1577 Lothi
1026 1556 1131 1578 uxore.
1148 1547 1302 1588 Orpheum
1324 1547 1392 1577 Vir-

259 1587 412 1623 gilianum
443 1589 550 1617 noster
582 1588 633 1618 hic
655 1589 688 1618 in
718 1589 895 1618 memoriam
922 1589 1011 1618 nobis
1040 1592 1175 1626 ievocat,
1203 1589 1392 1628 Euridicem,

259 1630 368 1659 contra
389 1637 481 1666 quam
503 1630 662 1666 debuerat,
692 1630 908 1668 respicientem
932 1630 1129 1670 (GeoiyJV,
1153 1632 1240 1670 490).
1266 1631 1310 1661 De
1330 1639 1394 1660 mu-

260 1670 313 1705 bili
346 1670 532 1701 seminarum
565 1672 691 1709 ingenio
718 1672 911 1702 Pammeni
936 1682 954 1700 «
976 1672 1137 1702 Fenimiua
1156 1672 1173 1703 ὸ
1199 1681 1272 1704 cesa
1298 1672 1391 1703 mobil

259 1721 312 1750 per
336 1714 448 1742 natura
471 1723 501 1743 >›.

323 1754 372 1792 (4).
393 1754 596 1786 revocabilis.
622 1754 708 1785 Satis
729 1755 909 1792 significans
931 1755 1031 1792 epitli.

324 1796 368 1834 (5)
393 1796 557 1833 liquabile,
581 1796 684 1827 fusile.
708 1797 849 1827 Invenies
878 1805 980 1827 vocem
1001 1797 1034 1826 iu
1055 1796 1183 1834 Apolog.
1206 1796 1335 1827 APvLsr.

324 1837 368 1876 (6)
392 1840 460 1867 stat
480 1838 613 1868 nuclier.
638 1838 751 1868 Utrum
765 1846 840 1868 aevo
851 1838 1057 1876 prudentiane
1071 1839 1179 1869 statua
1193 1838 1269 1868 salis
1281 1838 1344 1872 illa,
1360 1838 1392 1868 iu

259 1887 362 1915 quam,
376 1881 500 1917 propter
511 1880 641 1911 vetitam
651 1880 862 1918 respiciendae
876 1880 1023 1910 Sodomae
1035 1881 1177 1910 incensae
1188 1879 1394 1918 cupiditatem

260 1921 352 1950 Lothi
376 1929 452 1950 uxor
473 1921 536 1951 fuit
556 1930 714 1958 conversa,
738 1921 839 1953 adhuc
853 1923 954 1952 staret
968 1931 1021 1952 nec
1044 1931 1094 1957 ne,
1118 1931 1181 1952 rem
1205 1922 1237 1951 iu
1260 1921 1394 1951 medium

260 1963 446 1998 linquamus,
469 1963 613 1993 Ceterum
629 1963 680 1993 adi
693 1963 818 1994 Leetres
838 1964 895 1994 des
915 1964 1011 2000 Juiss
1032 1963 1053 1992 ὰ
1074 1964 1122 1994 Μ.
1146 1964 1184 1994 de
1211 1963 1352 1994 Voltaire
1373 1962 1394 1992 ὰ

259 2005 383 2075 Pam's,t
396 2006 489 2042 1731,
514 2006 566 2035 ubi
587 2014 636 2036 res
667 2005 706 2036 ad
739 2011 841 2037 rectas
873 2006 1002 2036 criticae
1023 2005 1175 2036 historiae
1194 2005 1324 2042 *regulas
1345 2007 1392 2035 est

259 2053 367 2075 revoca
385 2054 414 2075 a.

322 2088 366 2126 (7)
391 2091 608 2120 monumenta.
630 2105 671 2110 -
694 2089 833 2120 GisuLm.
857 2089 1072 2119 inunintenta.
