1566 2482
223 159 272 198 14
602 169 757 199 Avnnnn
781 171 984 199 -PRvDENTn

221 286 291 325 Ille
322 286 382 335 (1)
413 286 563 324 Patrem
589 286 732 334 pellens
760 286 852 325 solio
879 286 1041 325 detrudit
1068 287 1108 325 in
1137 289 1278 326 arctum

223 340 392 388 Corporis
420 339 574 378 humani
601 340 808 388 gestamen,
839 351 906 378 nec
933 341 1044 388 pavet
1071 341 1193 389 ipsum

222 393 411 432 Obiectare
440 392 536 440 neci,
568 393 729 441 duroque
757 393 918 442 adfigere
945 393 1063 442 ligno.
1337 395 1358 432 5
1396 393 1400 396 ’

221 446 465 485 Passibilisne
493 447 620 485 Deus?
649 445 710 496 (2)
730 446 835 485 cuius
863 447 1002 495 species
1030 449 1066 485 et
1093 447 1216 496 imago

220 500 328 538 Nulli
354 500 437 538 visa
463 511 646 548 unquam3
678 511 745 538 nec
772 500 870 539 enim
897 501 1148 548 comprendier
1176 501 1237 551 (3)
1259 501 1325 539 illa

220 553 398 592 Maiestas
426 552 547 591 facilis
575 565 747 602 sensuve,
778 554 952 601 oculisve,
983 565 1156 593 manuve.

219 607 374 645 Ioannis
401 606 531 655 magni
558 607 712 645 celebris
737 607 925 646 sententia
950 609 1097 655 praesto
1125 610 1195 655 est,
1228 608 1287 658 (4)

219 661 333 699 Haud
358 671 525 709 unquam
551 661 690 699 testata
718 661 836 699 Deum
863 661 1026 709 potuisse
1054 661 1184 700 videri.
1309 659 1358 700 10

218 714 289 752 Ille
318 714 443 761 Pater,
475 726 581 762 quem
610 714 714 752 nulla
742 714 840 753 acies
867 714 1030 753 violenta
1056 716 1194 753 tuendo

218 767 374 805 Eminus
403 767 567 805 ardentis
594 767 804 815 penetravit
831 767 998 806 acumine
1026 768 1144 815 visus,

218 820 289 867 Qui
316 832 354 858 se
383 819 501 858 forma
529 820 691 858 hominis
719 832 794 859 non
822 820 958 867 induit,
984 821 1021 858 et
1049 818 1198 859 deitatis

217 875 446 912 Immensum
474 874 644 912 adsumto
672 885 747 912 non
774 875 955 922 temperat
982 885 1056 921 ore,
1082 875 1248 913 modove.

217 928 296 966 Aut
322 927 541 976 Evangelici
568 927 687 975 pietas
716 928 922 975 spernenda
949 927 1066 966 libelli
1308 927 1356 966 1²0

219 982 317 1028 Iam,
337 981 564 1029 blaspheme,
585 981 655 1019 tibi
683 983 761 1027 est3
792 982 859 1019 aut
876 993 1078 1029 numquam
1105 981 1187 1019 visa
1204 981 1303 1019 beati

217 1034 286 1072 Vis
313 1034 456 1072 intacta
484 1034 608 1072 Patris
639 1035 713 1083 (5),
736 1045 810 1073 non
837 1034 1075 1073 admiscenda
1103 1035 1265 1073 caducis.

217 1088 287 1126 Sed
303 1088 429 1126 tamen
448 1089 484 1126 et
503 1087 627 1126 Patris
648 1090 704 1126 est
722 1087 922 1136 specimen,
939 1088 1036 1136 quod
1050 1099 1194 1127 cernere
1213 1088 1271 1127 fas
1290 1088 1354 1136 sit,

217 1141 405 1179 Humanis
433 1141 633 1189 aliquando
661 1141 776 1180 oculis
803 1153 1016 1180 concurrere
1044 1143 1242 1189 promtum.

216 1194 320 1242 Quod
348 1194 518 1243 quamvis
546 1195 657 1233 hebes
683 1194 842 1234 intuitus
862 1195 1110 1243 speculamine
1128 1195 1275 1243 glauco,
1307 1197 1356 1234 20

216 1248 467 1296 Humentique
495 1248 573 1287 acie
600 1248 720 1296 potuit
747 1249 945 1287 nebulosus
973 1248 1087 1286 adire.

214 1301 376 1350 Quisque
402 1301 594 1340 hominum
621 1301 758 1347 vidisse
787 1302 906 1340 Deum
933 1303 1169 1349 memoratur,
1201 1302 1249 1340 ab
1276 1302 1356 1350 ipso

215 1354 386 1393 Infusum
414 1355 508 1393 vidit
535 1356 721 1394 Gnatum:
752 1367 841 1393 nam
868 1354 985 1394 Filius
1013 1355 1082 1394 hoc
1110 1357 1179 1402 est,

214 1408 318 1454 Quod
346 1408 388 1446 de
418 1409 528 1447 Patre
537 1402 699 1447 >Pmicans
728 1421 766 1447 se
793 1408 979 1457 praestitit
1005 1408 1275 1457 inspiciendum

215 1462 286 1499 Per
313 1462 467 1510 species,
491 1473 584 1510 quas
611 1462 730 1510 possit
748 1462 855 1501 homo
874 1463 1129 1511 comprendere
1148 1462 1245 1501 visu.
1305 1463 1354 1500 25

214 1515 314 1553 Nam
342 1527 442 1553 mera
469 1515 645 1554 maiestas
673 1517 729 1554 est
756 1515 920 1563 infinita,
951 1527 1018 1554 nec
1045 1516 1163 1553 intrat

269 1680 314 1720 (1)
337 1681 399 1710 Ille
420 1681 489 1711 scil.
514 1680 677 1718 Sabellius,
701 1681 782 1711 unde
804 1681 972 1712 Sabelliani
995 1682 1028 1711 et
1049 1680 1290 1720 Patripassiani.
1315 1698 1353 1704 —-

215 1723 250 1750 in
265 1725 396 1751 arctum
419 1723 555 1754 G1sm1m.
577 1724 610 1753 et
630 1723 794 1761 pleraeque
816 1723 909 1753 editt.
933 1738 975 1745 —
997 1723 1033 1752 in
1055 1725 1168 1752 artum
1190 1723 1309 1753 extrita
1331 1723 1359 1752 C

214 1764 379 1799 Tamum,
404 1765 439 1794 et
460 1764 662 1794 recentiores.

276 1805 321 1844 (2)
348 1805 571 1835 Passibilisne
593 1805 710 1836 Deus?
732 1805 767 1835 In
797 1804 939 1843 Symbolo
967 1804 1159 1842 Aquileiensi
1182 1805 1255 1843 post
1281 1804 1351 1836 illa:

213 1857 230 1875 «
254 1845 350 1877 Credo
372 1847 406 1877 in
428 1847 525 1878 Deum
547 1847 667 1885 patrem
690 1846 935 1885 omnipotentem
957 1857 975 1874 »
999 1847 1111 1877 statim
1134 1846 1278 1878 additur:
1302 1847 1354 1876 in-

213 1888 377 1918 visibilem
401 1891 432 1918 et
452 1888 704 1927 impassibilem,
722 1889 769 1918 uti
786 1889 921 1919 eruimus
935 1896 974 1919 ex
987 1888 1130 1919 errmo
1145 1889 1182 1918 in
1197 1888 1350 1928 Exposit.

213 1930 248 1959 Sv
260 1930 320 1960 mb.

237 1939 260 1968 'l
278 1972 323 2010 (3)
346 1972 584 2010 comprendier,
608 1970 817 2018 παραγωγή.

276 2018 323 2057 (4)
346 2018 486 2048 Ioannis
508 2019 624 2058 maym‘
645 2021 707 2051 etc.
734 2020 770 2049 V.
794 2019 839 2049 Io.
856 2019 977 2056 Evang.
997 2019 1012 2049 1
1033 2019 1081 2049 18.

276 2060 323 2099 (5)
352 2060 411 2090 Vis
432 2061 558 2090 intacta
572 2061 700 2100 patris.
724 2061 831 2098 Pater,
855 2069 893 2091 ex
913 2061 1071 2091 sententia
1093 2061 1213 2100 poetae,
1236 2069 1296 2091 non
1319 2068 1351 2092 se

200 2099 394 2133 ,hominibus
409 2111 542 2140 unquam
557 2102 724 2133 videndum
739 2102 893 2141 praebuit.
910 2102 969 2134 Sed
982 2102 1084 2133 tamen
1098 2102 1349 2140 S.Avevsmws,
