1566 2482
422 0 493 14 *5oe:ss-
506 0 510 6 0
531 12 534 13 γ
551 0 612 12 Ὃκ..-
640 3 642 6 >
660 0 813 15 :svs-*1:¹7⁹*
827 0 967 17 ἑξῑῆῆῖῑῆΨἾ
1114 4 1131 16 ,λ
1145 11 1153 15 ,.
1191 6 1194 7 ’
1221 8 1233 15 ι-

555 53 558 54 V
1002 37 1010 42 ,
1026 38 1045 43 -,
1084 46 1087 49 Ὗ
1109 39 1112 42 ,
1164 35 1189 47 μ,
1264 39 1285 50 ,-,
1305 34 1358 52 ³³⁸3
1373 36 1378 44 ;
1397 37 1418 46 ·.

296 126 372 177 154
665 139 822 176 AVREEII
847 138 1051 176 nivosum
1099 140 1104 143 ’

296 257 462 297 Perfodit
488 257 526 296 et
552 257 690 304 costas,
712 256 822 305 atque
856 255 923 294 ilia
949 255 1088 305 rumpit
1115 256 1274 303 anhela3

295 312 383 350 Mox
408 310 528 360 spolia
553 312 662 349 exuto
691 309 750 359 (1)
779 310 823 348 de
851 321 998 358 corpore
1027 308 1168 358 diripit,
1199 309 1282 348 auri

296 365 452 404 Sordida
469 364 590 403 frusta
607 363 727 411 rudis,
747 375 815 402 nec
843 363 964 402 adhuc
981 363 1131 402 fornace
1149 365 1332 402 recoctam
1361 363 1438 402 600

295 418 502 457 Materiem.
534 417 660 456 Tineis
688 417 801 456 etiam
827 416 1018 465 marsupia
1044 417 1182 456 crebris

295 473 432 519 Exesa,
463 473 499 510 et
526 471 662 510 virides
690 471 849 510 obducta
877 471 1052 519 aerugine
1081 482 1253 510 nummos

297 526 490 573 Dispergit
516 526 664 564 servata
692 524 770 571 diu,
801 524 935 563 victrix
963 525 1002 562 et
1029 524 1159 572 egenis

297 579 482 627 Dissipat,
513 589 557 617 ac
587 580 717 617 tenues
745 578 892 626 captivo
919 589 1070 616 munere
1098 578 1228 616 donat.

297 633 401 671 Tunc
428 631 692 671 circumfusam
719 631 825 670 vultu
853 631 1064 672 exsultante
1092 642 1265 670 coronam
1364 631 1441 669 605

297 685 533 734 Respiciens,
559 686 694 731 aiacris
721 685 843 723 media
870 685 968 723 inter
994 685 1100 723 milia
1129 685 1187 734 (2)
1216 685 1378 724 clamat:

298 760 349 768 ——-
359 738 527 779 «Solvite
540 739 772 788 procinctum
781 738 854 789 (3),
867 738 973 786 iusti,
987 739 1023 777 et
1033 738 1210 777 discedite
1225 739 1272 777 ab
1286 738 1416 786 armis,

299 794 441 833 Caussa
467 793 560 832 mali
585 793 685 832 tanti
711 793 808 831 iacet
835 791 1054 831 interfectae
1086 792 1259 831 lucrandi
1444 797 1447 800 ⁴

298 847 474 896 Ingluvie
504 847 561 896 (4)
590 847 780 896 pereunte,
810 845 899 884 licet
925 846 1149 895 requiescere
1178 845 1334 885 sanctis.

301 902 451 940 Summa
470 901 590 950 quies,
610 899 666 939 nil
684 900 778 939 velle
798 911 922 948 super,
939 911 1051 949 quam
1068 900 1231 948 postulet
1248 910 1340 939 usus
1349 897 1417 1004 [(5)

301 1009 472 1056 Debitus,
503 1008 546 1046 ut
573 1006 730 1055 simplex
757 1005 949 1054 alimonia,
979 1006 1094 1046 vestis
1122 1007 1159 1044 et
1185 1018 1262 1045 una

301 1063 476 1100 Infirmos
503 1062 609 1109 tegat
635 1073 679 1099 ac
705 1061 844 1099 recreet
869 1060 1102 1099 mediocriter
1129 1061 1249 1107 artus,

301 1115 569 1163 Expletumque
596 1115 746 1153 modum
778 1115 934 1152 naturae
962 1125 1038 1152 non
1065 1114 1193 1151 trahat
1219 1114 1338 1153 extra.

301 1170 547 1217 Ingressurus
576 1167 647 1207 iter
674 1179 800 1216 peram
829 1179 874 1206 ne
902 1166 1039 1214 tollito,
1070 1177 1162 1206 neve

302 1224 355 1260 De
383 1222 532 1260 tunicae
560 1222 716 1260 alterius
745 1219 951 1270 gestamine
970 1220 1146 1269 providus
1166 1219 1218 1258 ito
1248 1220 1325 1270 (6);
1344 1218 1421 1258 615

302 1276 382 1314 Nec
408 1277 444 1313 te
473 1275 648 1314 sollicitet
673 1287 733 1314 res
761 1275 927 1314 crastina
956 1275 1032 1324 (7),
1063 1286 1109 1313 ne
1138 1273 1243 1312 cibus
1270 1274 1355 1312 alvo

302 1329 493 1368 Defuerit:
524 1329 681 1367 redeunt
708 1340 813 1367 escae
850 1339 934 1367 cum
962 1328 1037 1366 sole
1065 1327 1234 1366 diurnae.

303 1383 438 1421 Nonne
466 1382 569 1422 vides
597 1384 640 1421 ut
667 1382 774 1422 nulla
802 1382 926 1421 avium
955 1393 1037 1420 cras
1065 1380 1231 1430 cogitet?
1259 1392 1302 1419 ac
1331 1392 1370 1418 se

367 1513 411 1552 (1)
433 1516 529 1543 exuto
551 1513 588 1543 cle
609 1522 753 1552 corpore.
777 1512 879 1543 GISEL.
903 1511 1017 1549 aliique
1038 1512 1177 1542 extincto
1198 1512 1235 1542 de
1253 1519 1395 1550 corpore.

368 1557 412 1595 (2)
436 1556 543 1585 media
555 1556 644 1586 inter
657 1555 765 1585 milia.
775 1555 841 1585 Vox
855 1555 983 1591 mile,et
996 1553 1108 1593 plurali
1126 1562 1250 1583 numero
1263 1553 1372 1590 milla,
1388 1561 1450 1583 una.

306 1599 428 1628 tantum
439 1597 562 1628 lambda
572 1597 751 1635 saepissime
761 1597 890 1634 scripta,
907 1597 1023 1633 legitur
1036 1597 1070 1626 in
1084 1595 1242 1626 veteribus
1263 1595 1351 1626 codd.
1364 1603 1449 1626 m.ss.

306 1640 383 1670 Vide
403 1648 498 1678 supra
519 1648 551 1672 v.
577 1639 653 1673 1682
678 1639 711 1668 et
732 1638 879 1669 CELLARII
903 1637 1099 1677 Ortoyraph.
1111 1638 1187 1668 Lat.

369 1681 414 1721 (3)
432 1682 548 1712 Solvite
560 1681 778 1720 procinctum.
795 1680 976 1710 Procinctus
991 1679 1260 1710 militarisdicitur
1268 1678 1450 1716 apparatus,

306 1731 365 1760 quo
386 1731 418 1753 se
448 1723 565 1753 milites
596 1722 637 1752 ad
657 1730 792 1760 pugnam
821 1722 994 1752 instruunt.
1020 1721 1132 1752 Noster
1153 1721 1346 1758 Hamartiy.
1370 1719 1450 1750 916:

306 1775 324 1794 «
346 1764 540 1803 procinctum
561 1763 648 1794 videt
663 1763 817 1801 angelum.
842 1772 861 1792 >³
877 1763 913 1794 V.
930 1766 963 1793 et
980 1764 1103 1793 Contra
1118 1762 1302 1800 symmach.
1314 1761 1450 1798 11,‘512.

370 1805 420 1847 (4)
441 1806 606 1844 lnyluvie.
622 1805 760 1836 Gmmn.
776 1805 809 1834 in
824 1805 963 1842 margine
985 1805 1088 1834 tamen
1109 1804 1203 1835 editt.
1219 1811 1310 1833 suae:
1327 1803 1451 1834 illuvie.

369 1848 413 1888 (5)
438 1847 575 1878 Summa
590 1847 681 1886 quies
693 1847 755 1877 etc.
770 1845 905 1877 Auream
924 1846 1087 1877 Prudentii
1101 1845 1292 1876 sententiam
1306 1845 1339 1874 in
1350 1844 1453 1874 mente

306 1889 500 1920 scribendam
522 1889 634 1924 bahem
659 1896 751 1925 quam
766 1888 836 1926 plus
863 1888 956 1918 semel
978 1888 1140 1918 HoRA'nvs
1161 1887 1226 1917 suis
1247 1887 1280 1916 in
1302 1885 1454 1924 Epistolis

307 1931 455 1965 inculcat.
471 1931 535 1962 Nos
555 1931 656 1961 tutius
679 1930 718 1959 ad
740 1929 772 1960 S.
800 1929 917 1960 PAvLm
938 1929 953 1960 1
975 1929 1077 1968 Epist.
1096 1929 1126 1966 6,
1146 1929 1164 1959 8
1179 1928 1233 1959 Ad
1251 1927 1454 1958 Timotheum

306 1973 438 2004 lectores
459 1973 583 2003 nostros
605 1971 827 2008 delegabimuS.

309 2029 311 2031 ·
371 2015 415 2053 (6)
433 2014 595 2053 providus
616 2016 692 2045 esto.
713 2013 851 2043 G1smn.
869 2012 921 2050 qui
936 2010 1139 2044 nihilominus
1154 2011 1186 2043 in
1201 2019 1256 2042 ora
1270 2010 1364 2042 editt.
1381 2017 1455 2041 suae

308 2055 473 2087 Parisinae
488 2055 634 2094 scripsit:
649 2055 809 2093 providus
830 2055 888 2086 ito.

375 2099 417 2138 (7)
440 2107 493 2129 res
515 2097 675 2129 crastina.
700 2097 737 2128 V.
762 2097 891 2129 MA'r'rn.
914 2095 971 2129 VI.
