1566 2482
1254 142 1334 215 14⁷

711 437 786 477 -VI

302 525 590 566 AVARITIAE
617 526 679 566 ET
714 506 1019 568 LARGITATIS
1047 529 1188 569 PVGN
1190 530 1224 569 A

182 656 313 694 Fertur
340 654 515 695 Avaritia
541 655 682 704 gremio
710 654 924 704 praecincta
950 655 1098 704 capaci,

181 709 372 758 Quidquid
397 709 510 749 luxus
537 710 630 748 edax
657 709 860 758 pretiosum
886 709 1063 758 liquerat,
1094 722 1193 749 unca
1251 710 1330 750 455

181 762 414 811 Corripuisse
442 775 574 811 manu,
604 763 762 812 pulchra
790 763 831 801 in
859 763 1022 802 ludibria
1050 765 1158 803 vasto

181 817 253 856 Orc
280 817 437 855 inhians
466 816 542 867 (l),
572 818 727 866 aurique
754 817 886 866 legens
913 817 1129 867 fragmenta
1157 818 1294 857 caduci

179 872 287 909 Inter
313 882 512 909 arenarum
541 870 603 920 (2)
631 870 824 917 cumulos3
856 883 925 910 nec
955 871 1092 911 sufficit
1119 872 1265 921 amplos

177 924 402 973 Implevisse
433 924 555 972 sinus,
585 925 692 964 iuvat
719 924 896 964 infarcire
923 925 1111 965 crumenis

178 979 298 1028 Turpe
313 978 473 1026 lucrum,
498 981 535 1018 et
555 979 732 1028 gravidos
754 978 867 1018 furtis
887 979 1096 1018 distendere
1117 979 1326 1086 fiscos[(3)‚

174 1087 274 1133 Quos
301 1086 412 1125 laeva
438 1086 586 1125 celante
613 1086 724 1136 tegIt,
754 1086 959 1136 laterisque
987 1087 1131 1127 sinistri

174 1140 287 1179 Velat
313 1141 522 1189 oprimento
542 1155 551 1187 ;
582 1141 690 1180 velox
716 1153 806 1180 nam
835 1140 966 1180 dextra
992 1142 1151 1191 rapinas

175 1194 353 1242 Abradit,
385 1195 589 1243 spoliisque
616 1207 764 1244 ungues
791 1197 934 1234 exercet
961 1200 1090 1235 aenos.

178 1249 292 1296 Cura,
321 1248 434 1288 famis
463 1249 540 1299 (4),
562 1249 698 1296 metus,
730 1249 916 1296 anxietas,
947 1250 1126 1298 periuria,
1156 1250 1296 1298 pallor,

181 1302 411 1351 Corruptela‚
442 1303 564 1351 dolus,
595 1305 820 1352 commenta,
840 1303 1043 1353 insomnia,
1074 1304 1217 1354 sordes,

239 1427 286 1466 (1)
309 1427 372 1458 ore
393 1426 541 1458 bibiane.
558 1427 662 1459 Dictio
677 1436 697 1458 a
711 1427 822 1459 belluis
837 1427 1038 1465 transfertur,
1056 1437 1135 1467 quae
1149 1437 1203 1461 ore
1217 1430 1325 1469 aperto

174 1470 279 1500 cibum
300 1470 464 1507 appetunt.
488 1469 632 1500 varvs
663 1470 701 1501 de
732 1479 845 1502 avaro:
859 1481 889 1499 .«
911 1470 967 1502 Ille
988 1470 1080 1502 homo
1100 1471 1192 1502 tuam
1216 1471 1324 1504 haere·

175 1511 309 1541 ditatem
332 1511 449 1547 inhiat,
474 1511 566 1549 quasi
581 1512 719 1542 esuriens
741 1512 843 1550 lupus,
859 1522 877 1541 »
894 1511 1009 1551 (Stich.
1026 1513 1082 1551 IV,
1095 1513 1127 1550 2,
1144 1513 1212 1553 25).
1234 1513 1277 1545 Et
1292 1515 1325 1545 in

173 1551 374 1589 Aulularia,
395 1552 438 1590 II,
461 1552 494 1594 2,
519 1552 576 1583 17:
600 1563 617 1581 ⁴<
639 1553 745 1584 inhiat
765 1562 888 1590 aurum,
913 1555 950 1585 ut
970 1555 1109 1587 devoret.
1126 1566 1145 1583 »
1168 1570 1209 1579 —·
1231 1556 1323 1594 fraq-

174 1597 296 1626 menta.
322 1594 472 1625 Hsmsws
493 1594 589 1633 putat
610 1595 741 1626 sortasse
757 1598 912 1626 ramenta
926 1596 1091 1634 legendum
1105 1605 1182 1632 eme:
1205 1598 1324 1628 etenim

173 1645 283 1667 aurum
304 1636 438 1667 nondum
459 1637 637 1667 excoctum*
660 1638 694 1667 in
727 1637 867 1668 fluvialis
895 1647 1009 1669 arenae
1030 1639 1184 1670 ramentis
1205 1638 1325 1677 legitur

174 1686 410 1717 saepenumero:
434 1679 468 1709 et
489 1687 603 1709 avarus
625 1679 840 1710 intentissima
854 1689 930 1710 cura
944 1681 1092 1717 rimatur,
1112 1681 1140 1711 si
1156 1681 1234 1719 quid
1254 1690 1323 1720 pre-

173 1721 250 1752 tiosi
271 1719 393 1751 metalli
408 1729 447 1751 ex
461 1720 614 1751 ramentis
628 1721 693 1751 illis
708 1730 892 1752 coacervare
905 1722 1016 1760 possit,
1032 1722 1166 1760 igneque
1179 1722 1322 1762 probare.

236 1762 283 1802 (2)
305 1763 399 1792 Inter
419 1771 604 1793 arenarum
625 1763 811 1796 cumulos...
828 1764 943 1794 Noster
958 1764 1101 1802 Virgilio,
1117 1764 1250 1796 Horatio
1265 1764 1325 1796 Va-

173 1804 251 1835 letio
272 1804 383 1835 Flacco
403 1805 468 1837 etc.
490 1804 591 1835 fretus
613 1814 673 1836 vox
694 1815 798 1836 arena
819 1805 983 1844 pluraliter
1004 1807 1184 1845 usurpavit3
1214 1816 1319 1844 quam-

173 1854 268 1883 quam
289 1845 324 1878 C.
347 1845 471 1877 clusin
485 1846 518 1876 in
538 1846 618 1877 libro
638 1856 693 1878 suo
715 1848 759 1879 De
780 1847 935 1885 Analogia
950 1848 1056 1888 (apud.
1075 1849 1171 1879 Gru.
1183 1848 1274 1886 XIX,
1289 1850 1322 1890 8)

173 1896 299 1919 numero
307 1887 521 1919 multitudinis
535 1889 705 1926 negateam
713 1898 817 1921 vocem
828 1890 876 1921 uti
885 1890 1087 1921 licerelatine
1099 1891 1321 1923 scribentibus.

234 1929 280 1969 (3)
301 1929 406 1967 fiscos.
430 1929 514 1960 Fisci
536 1931 643 1962 corbes
663 1933 756 1962 erant
767 1932 922 1963 vimineae
944 1933 976 1962 in
992 1932 1104 1970 quibus
1116 1933 1238 1964 veteres
1258 1933 1320 1964 Ro-

171 1971 258 2003 mani
272 1971 437 2009 pecuniam
451 1971 608 2010 publicam
618 1973 652 2004 et
666 1973 900 2013 imperatoriam
914 1974 1129 2011 reconderent;
1153 1983 1249 2012 quare
1259 1983 1321 2006 me-

171 2013 334 2052 taphorice
347 2021 407 2044 vox
421 2012 476 2043 illa
490 2021 546 2052 pro
561 2015 591 2045 vi
607 2015 740 2052 quadam
757 2016 918 2054 pecuniae.
935 2016 972 2047 V.
984 2016 1125 2047 Panna.
1137 2016 1219 2048 Fab.
1232 2016 1274 2053 11,
1289 2018 1320 2049 7.

226 2055 283 2093 .(4)
304 2055 407 2094 famis
416 2063 472 2095 pro
482 2058 598 2097 tames,
622 2057 660 2090 V.
686 2057 771 2088 infra
785 2058 826 2089 ad
851 2067 882 2091 v.
912 2058 987 2091 479.
1010 2074 1053 2081 -
1075 2057 1169 2095 Cura,
1198 2058 1322 2097 Fames,

171 2097 288 2133 Motum
309 2098 371 2129 etc.
407 2098 482 2128 sunt
512 2097 698 2131 divitiarum
725 2100 812 2140 ipsae
843 2100 975 2132 comites
1007 2100 1090 2139 apud
1110 2098 1263 2133 Ivvzrrn..
1286 2101 1321 2132 In

171 2139 241 2173 sat.
268 2138 355 2178 XIV,
377 2138 438 2171 302
459 2139 493 2171 et
513 2148 600 2179 seqq.
