1566 2482
18 2289 38 2482 ΜΜῪ
18 2234 27 2281 -:›···
19 2198 23 2211 '¹

355 81 371 90 s
434 78 466 91 μ’
532 65 619 99 ‘2⁴35
670 75 698 97 -“;
719 71 747 87 ’·’

426 98 437 107 ‚⁴
551 100 554 101 γ

532 195 537 198 ·
587 195 807 224 ΑΡῡΤΗΕοεῐε
850 198 854 201 ·
1077 222 1082 226 .
1213 190 1264 227 65

128 311 299 358 Corpore,
327 321 463 358 perque
489 311 622 349 atavos
647 311 1010 363 cursumffrelegente
1037 314 1219 360 vetustos,

127 364 304 412 Septenos
331 363 451 402 dec-ies
477 364 694 405 conscendit
720 364 891 403 Christus
918 365 959 404 in
986 367 1090 405 ortus
1162 366 1265 406 1005

126 417 176 455 Et
202 417 295 456 duo:
326 428 415 456 nam
441 417 597 456 totidem
625 418 793 457 doctores
820 419 923 458 misit
950 419 990 458 in
1018 421 1164 459 orbem:

126 472 332 510 Descensos
359 471 547 510 nascendo
574 472 729 520 gradus,
759 473 947 511 redeundo
973 474 1107 512 retexit

126 525 244 563 Actus
272 525 321 563 ad
348 536 465 573 usque
493 525 636 573 apicem
662 526 799 564 terreni
827 527 990 574 corporis
1018 528 1156 577 Adam.

124 578 218 616 Inde
245 589 380 626 parens
407 578 538 617 Deitas
565 579 699 627 recipit
726 591 810 626 sua,
841 582 1042 629 nostraque
1068 581 1229 628 mixtim,

126 631 258 679 Fitque
285 632 355 670 Dei
383 632 518 670 summi
543 644 609 681 per
637 610 824 671 Christum
852 634 953 672 filius
980 635 1117 673 Adam.
1164 613 1268 675 1010

124 686 271 732 Restat,
301 687 344 723 ut
370 686 509 724 aeriam
537 687 662 735 fingas
690 687 738 724 ab
766 687 909 735 origine
936 689 1103 736 gentem,

124 738 255 777 Aerios
282 749 466 788 proceres,
495 740 628 787 Levin,
659 741 808 788 Iudam,
838 741 1067 789 Simeonem3

125 792 278 830 Aerium
306 793 443 840 David,
472 805 694 842 magnorum
721 805 873 843 corpora
900 807 1031 844 regum
1059 796 1118 844 (1)

124 845 252 892 Aeria,
282 847 394 894 atque
421 846 542 894 ipsam
570 847 750 886 fecundae
779 848 948 897 Virginis
976 850 1102 888 alvum

125 900 218 938 Aere
246 899 373 938 fallaci
401 901 633 949 nebulisque,
663 903 701 939 et
728 902 825 939 nube
851 903 1069 941 tumentem.
1163 903 1267 943 1015

123 953 312 1000 vanescat
339 954 495 1002 sanguis
521 953 742 1002 perflabilis,
773 955 859 994 osSa
885 956 1096 1004 liquescant

123 1006 267 1054 Mollia,
298 1018 495 1046 nervorum
522 1010 649 1056 pereat
675 1010 821 1046 textura
848 1010 1056 1048 volantum.

123 1061 240 1099 Omne
256 1060 358 1108 *quod
376 1062 434 1099 est
451 1063 613 1109 gestum,
635 1062 758 1100 Notus
777 1062 923 1101 auferat
940 1063 1092 1110 inritus,
1110 1076 1222 1103 aurae

122 1113 352 1162 Dispergant
377 1116 529 1153 tenues:
561 1115 612 1154 sit
635 1115 779 1163 fabula,
801 1117 899 1164 quod
918 1129 1048 1156 sumus
1066 1129 1209 1157 omnes.

121 1167 171 1205 Et
197 1167 288 1216 quid
314 1167 395 1216 agit
423 1168 608 1216 Christus,
639 1170 672 1207 si
699 1181 757 1207 me
785 1181 860 1208 non
888 1171 1074 1219 suscipit?
1103 1173 1170 1210 aut

995 1225 1122 1273 (quem
1163 1226 1268 1265 1020

122 1273 274 1313 Liberat
300 1274 504 1322 infirmum,
535 1276 568 1314 si
597 1276 822 1325 dedignatur
849 1277 951 1315 adire

122 1328 256 1366 Carnis
275 1339 384 1376 onuS,
406 1339 656 1378 manuumque
673 1330 798 1369 horret
817 1334 1057 1370 monumenta
1082 1345 1236 1372 suarum
1248 1337 1266 1372 ἱ)

120 1381 373 1430 Indignumne
401 1384 508 1431 putat
535 1384 676 1422 luteum
703 1384 930 1424 consciscere
958 1389 1120 1434 corpus?

121 1434 192 1481 Qui
219 1446 294 1474 non
322 1435 519 1485 indignum
548 1438 734 1485 quodnam
763 1438 835 1477 sibi
861 1439 1018 1477 credidit
1045 1440 1166 1488 ipsum

121 1489 351 1527 Pertractare
378 1490 513 1537 lutum,
535 1503 649 1539 quum
677 1503 744 1530 vas
771 1495 1004 1541 componeret
1030 1505 1119 1533 arvo
1163 1495 1265 1534 1025

122 1542 298 1580 Nondum
325 1542 509 1590 viscere03
541 1545 606 1582 sed
634 1545 766 1583 inertis
794 1544 939 1594 glutine
965 1547 1062 1594 limi,

112 1595 376 1644 hnpressoque
403 1602 531 1644 putres
559 1598 629 1636 sub
656 1598 787 1646 pollice
816 1600 964 1638 duceret
990 1602 1122 1639 artus?
1186 1644 1190 1648 ¹

119 1648 262 1687 Tantus
289 1660 392 1688 amor
419 1652 553 1697 terrae,
583 1652 692 1689 tanta
719 1653 777 1690 est
805 1652 951 1691 dilectio
979 1654 1124 1692 nostri!

121 1701 308 1750 Dignatur
333 1703 577 1752 praepinguis
595 1705 700 1743 humi
724 1707 984 1754 comprendere
1010 1708 1157 1747 mollem

120 1755 268 1794 Divinis
295 1756 445 1805 glebam
472 1757 617 1806 digitis,
649 1770 716 1797 nec
745 1760 894 1798 sordida
922 1763 1047 1799 censet
1158 1762 1264 1801 1030

119 1808 320 1848 Haerentis
347 1821 494 1849 massae
522 1812 711 1860 contagia.
744 1813 927 1861 Iusserat,
961 1816 1001 1852 ut
1027 1815 1092 1853 lux

119 1862 324 1901 Confieret:
356 1863 458 1902 facta
485 1866 543 1903 est
570 1867 613 1903 ut
640 1865 811 1905 iusserat.
843 1867 978 1906 Omnia
996 1868 1103 1907 iussu

119 1915 363 1963 Imperitante
390 1929 507 1956 novas
534 1920 730 1958 traxerunt
756 1920 858 1959 edita
886 1921 1040 1961 formas.

181 2009 231 2049 (1)
252 2019 447 2050 magnorum
460 2021 595 2051 corpora
607 2023 732 2052 reyum.
751 2014 875 2052 Signifi·.
863 2024 935 2046 ·ans
950 2016 1075 2046 omnino
1089 2018 1139 2048 est
1150 2018 1259 2053 dictio,

118 2059 196 2087 quae
217 2052 298 2090 npud
321 2053 413 2083 Vmc.
435 2055 573 2084 occurrit
587 2055 696 2092 Georg.
710 2056 769 2094 ΙΙΙ,
781 2056 857 2092 369,
878 2058 912 2088 et
923 2058 1052 2088 Aeneid.
1075 2059 1117 2094 Π,
1135 2060 1185 2096 18,
1198 2062 1261 2092 ete.

118 2093 170 2122 ubi
198 2093 387 2124 Mantuanus
422 2098 526 2134 poeta,
546 2097 698 2128 animalia
717 2098 786 2137 ipsa
807 2100 910 2136 magni
942 2100 1096 2141 corpor-58,
1119 2101 1263 2140 virosque

116 2135 256 2171 egrogios
282 2137 514 2174 conspiciendos
535 2139 622 2169 nobis
636 2139 740 2170 offert.

200 2211 599 2254 A.Pavnnnr11.0pera.
1158 2221 1177 2250 5
