1566 2482
305 148 356 188 48
686 158 839 186 Amr-:1111
867 156 1069 184 Pavorem-11

304 276 418 323 Seque
447 273 504 312 die
531 272 650 311 medio
676 271 874 311 velandam
900 269 1064 320 tegmine
1090 271 1236 320 glauco,
1269 305 1285 322 ,ι
1343 287 1346 289 ’

303 327 611 377 splendoremque
638 325 714 374 poli
739 324 943 374 periturum
970 325 1079 364 nocte
1104 325 1253 374 diurna,

306 383 400 421 Orbe
427 379 632 428 repentinis
659 379 771 427 caput
797 378 1006 418 obnubente
1031 378 1208 418 tenebris.
1365 379 1443 418 630

306 437 418 474 Hunc
436 445 504 482 ego
523 445 598 472 non
616 433 798 471 cumulem
817 432 1057 481 myrrhaeque
1077 433 1114 471 et
1131 432 1227 471 turis
1246 434 1282 471 et
1301 433 1382 471 auri

306 487 549 527 Muneribus?
576 486 657 525 Scio
637 497 671 534 o,
693 497 801 534 quem
819 486 1440 537 videamqfljfidona'rependam

310 544 422 580 Hunc
450 552 517 589 ego
546 551 619 579 non
648 542 825 578 venerer?
853 539 917 588 qui
944 539 1045 578 caelo
1071 539 1189 587 visus,
1219 539 1394 588 humique

307 596 489 634 Inventus
516 606 593 641 rex,
625 594 734 642 atque
762 594 862 632 Deus
889 593 1100 631 moderatur
1126 594 1322 642 utrumque

307 650 473 687 Naturae
502 648 700 695 specimen,
722 646 935 695 tumuloque
953 646 1101 684 inferna
1118 646 1329 695 refringens
1346 654 1350 658 ⁴
1367 646 1444 686 635

308 704 454 748 Regna,
480 701 714 749 resurgentes
741 711 864 739 secum
891 700 993 738 iubet
1018 700 1072 738 ire
1099 699 1287 748 sepultos?

308 755 656 802 Qlumbzssutat
662 754 790 797 terris
791 754 1019 800 1111011οῌ11,
1046 753 1172 791 abdita
1198 753 1339 802 r-umpit

307 811 476 847 Tartara
499 809 596 847 Vera
615 808 725 853 fides3
753 808 854 846 Deus
743 807 1149 855 esssquitotus
1044 807 1301 856 ubique
1318 807 1389 845 est.

307 862 497 911 Numquid
523 873 622 899 vana
649 861 747 899 viros
776 862 841 898 aut
868 872 972 899 mens
990 860 1205 908 autlingua
1233 859 1392 900 fefellit?

309 915 500 964 Numquid
523 914 686 953 fortuitis
713 914 933 953 frustrantia
961 914 1058 952 dona
1086 913 1264 952 dederunt
1369 914 1446 952 640

310 969 491 1008 Casibus?
519 970 585 1007 aut
612 979 718 1006 caeco
746 969 871 1006 votum
899 968 969 1006 sub
995 967 1131 1005 honore
1159 967 1357 1006 dicarunt?

308 1025 407 1070 Quae
434 1033 540 1070 porro
568 1032 700 1060 caussa
727 1022 793 1059 aut
818 1020 928 1068 ratio,
960 1020 1173 1059 submittere
1200 1021 1296 1059 colla
1402 1070 1405 1073 Δ

309 1077 407 1115 Ante
435 1075 545 1124 pedes
572 1074 727 1122 Mariae,
757 1074 931 1123 puerique
964 1074 1164 1122 crepundia
1196 1074 1302 1123 parvi
1331 1072 1417 1124 (1);

309 1130 346 1168 Si
372 1130 521 1167 tantum
548 1128 715 1167 mortalis
743 1129 836 1175 erat,
866 1139 934 1166 nec
962 1139 1106 1166 summa
1131 1129 1296 1176 potestas

310 1183 493 1231 Implebat
519 1183 665 1220 teneros
693 1181 831 1220 divinis
858 1181 1009 1220 flatibus
1037 1182 1160 1219 artus!
1369 1181 1446 1219 645

309 1237 378 1275 Sed
404 1236 480 1274 iam
506 1235 595 1274 tolle
623 1236 769 1283 Magos,
798 1235 876 1282 tus,
906 1246 1050 1282 aurum,
1081 1235 1252 1284 myrrhea
1280 1234 1392 1282 dona,

310 1291 409 1336 Quae
437 1301 564 1328 verum
592 1289 743 1327 docuere
771 1289 911 1327 Deum:
943 1288 1148 1336 praesepia,
1178 1299 1338 1336 pannos.

240 1364 254 1394 ‘³'
285 1341 1339 1444 1ξξὲἴῙ15ἒέἃὲΞῇ91ἓὲἷὲῗῶῈὲἓθηῧῖῗῗὲᾳὲξῗιῖἶῗ.

310 1451 470 1488 Insanos
497 1449 602 1488 video
631 1450 751 1488 subito
778 1449 966 1487 mitescere
994 1449 1125 1488 ventos
1146 1449 1237 1499 (2)
1369 1449 1446 1486 650

310 1505 428 1549 Quum
455 1503 580 1541 iubeat
609 1503 809 1541 Christus:
832 1502 937 1541 video
963 1502 1147 1553 luctantia
1173 1501 1324 1551 magnis

310 1559 481 1604 Aequora
506 1556 720 1594 turbinibus
747 1556 951 1604 tranquillo
977 1567 1157 1595 marmore
1183 1555 1288 1594 tendi

303 1610 469 1657 Imperio
498 1609 659 1648 Christi.
690 1609 795 1648 video
823 1610 988 1648 calcatus
1015 1609 1181 1648 eumdem

311 1665 430 1709 Quum
457 1663 599 1711 patitur
626 1675 763 1712 gurges
790 1664 936 1712 tergum
963 1662 1145 1702 solidante
1171 1662 1232 1710 liq·
1229 1673 1325 1701 1010.
1511 1709 1515 1713 ,

311 1718 396 1763 Ipse
425 1728 534 1763 super
561 1716 696 1755 fluidas
722 1716 864 1764 plantis
891 1716 1096 1755 nitentibus
1123 1716 1245 1755 undas
1370 1716 1446 1754 655

302 1770 504 1816 Ambulat,
535 1781 577 1807 ac
604 1781 730 1817 presso
757 1770 881 1807 firmat
907 1769 1067 1818 vestigia
1093 1769 1230 1807 fluctu:

310 1823 485 1870 Increpat
511 1822 589 1870 ipse
618 1824 739 1869 notos,
770 1823 806 1860 et
833 1822 985 1861 flatibus
1013 1822 1089 1861 otia
1115 1822 1283 1860 mandat.

256 1931 258 1935 ι
312 1876 401 1924 Quis
429 1876 554 1914 iubeat
580 1875 700 1914 saevis
730 1875 993 1924 Aquilonibus,
1024 1875 1087 1923 ite,
1119 1876 1222 1914 silete

1551 1778 1566 1839 ἔ

353 2042 403 2082 (1)
425 2043 650 2083 puer-{queem
635 2042 758 2082 eipund
760 2042 904 2081 aparm'.
928 2042 964 2071 V.
987 2040 1058 2088 Περ
1059 2041 1172 2088 ὶΣτεφ
1177 2043 1304 2082 ..hymn
1313 2043 1441 2075 111.15)
1385 2001 1566 2482 l

295 2087 299 2090 ’
352 2090 398 2130 (2)
422 2091 495 2121 insa
500 2100 556 2121 7810
575 2091 774 2136 ..mitescere
796 2092 917 2121 ventos.
930 2089 967 2122 V.
983 2090 1112 2121 Murra.
1127 2090 1208 2128 VIII,
1222 2089 1280 2135 24ς
1293 2089 1378 2126 XIV,
1389 2091 1428 2119 Δῖ)
