1566 2482
337 177 387 215 46
707 187 861 216 AVRELII
886 188 1092 217 PRVDENTH

338 303 478 342 Clamet
505 297 615 348 anus,
646 301 797 341 credens
825 303 862 340 et
889 302 1039 342 tandem
1066 303 1211 344 sobrius
1238 304 1339 344 audi.

337 357 434 394 Mira
461 355 576 394 fides!
607 356 711 394 utero
738 367 829 404 puer
847 356 1079 406 interceptus·
1101 357 1208 404 anili,

338 409 557 457 Virgineum
584 409 783 447 Dominum
812 411 978 449 materno
1005 423 1050 449 ex
1077 422 1136 450 ore
1164 412 1304 450 salutat
1399 412 1475 453 590

338 463 498 509 Primus,
529 463 566 500 et
593 462 777 500 infantem
804 475 879 501 non
906 465 1019 502 natus
1046 465 1197 503 nuntiat
1223 465 1351 504 infans
1470 463 1473 465 ⁴

338 518 418 554 Iam
446 517 614 554 nostrum
642 516 768 564 vagire
797 516 889 555 sibi:
921 529 1008 555 nam
1036 518 1142 566 pusio
1169 519 1334 557 nondum

339 571 371 607 N
377 570 458 607 erat
487 569 562 619 (1),
593 570 630 607 et
657 580 720 607 ora
748 570 824 608 Deo
850 571 1038 609 reserabat
1064 572 1214 620 garrula
1243 572 1402 610 Christo.

339 623 499 661 Promite
527 624 683 661 secretos
710 623 854 662 fastus:
885 624 984 671 date,
1013 625 1165 673 pandite
1191 625 1341 673 librum,
1470 660 1472 664 x

338 677 525 724 Evomuit,
555 675 720 724 spirante
748 677 838 724 Deo,
870 689 977 725 quem
1005 679 1157 717 sanctus
1184 678 1354 718 Esaiasff
1399 679 1475 717 595

339 731 555 768 Percensere
583 729 687 776 libet,
719 730 923 779 calamique
949 732 1133 770 revolvere
1160 732 1296 780 sulcos,

338 783 495 822 Sidereis
522 794 613 831 quos
641 783 708 821 illa
735 784 833 822 notis
861 796 994 823 manus
1022 797 1133 823 aurea
1161 785 1278 824 duxit.

338 838 396 875 Ite
424 837 526 884 hinc,
558 837 646 874 dum
655 826 804 875 7rutilos
832 837 955 885 apices
983 838 1189 877 submissus
1216 839 1342 885 adoro,

340 892 436 928 Dum
454 890 656 929 lacrimans
674 902 840 938 veneror,
863 891 1020 939 dumque
1038 892 1165 930 oscula
1183 891 1306 930 dulcia
1323 893 1426 940 figos

338 997 502 1035 Advenit
527 996 709 1044 promissa
737 997 829 1044 dies⁷
861 1010 971 1046 quam
999 999 1143 1036 dixerat
1168 998 1237 1036 iste

338 1050 474 1089 Adfore
500 1049 704 1089 versiculus
733 1050 808 1102 (2),
839 1062 952 1099 quum
981 1052 1095 1100 Virgo
1122 1063 1314 1100 puerpera,
1336 1053 1432 1091 teste

299 1113 314 1142 ἒ
338 1104 451 1142 Haud
477 1103 586 1141 dubie
615 1115 763 1151 sponso,
794 1105 894 1152 pacti
921 1105 980 1143 cui
1007 1117 1096 1143 cura
1122 1105 1287 1154 pudoris,

306 1150 310 1158 ’
336 1157 477 1205 Edidit,
508 1158 796 1206 Emmanuelque
827 1158 886 1207 (3)
915 1170 1036 1196 meum
1063 1171 1120 1197 me
1149 1170 1293 1197 cernere
1319 1159 1421 1198 fecit.

337 1212 452 1249 Estne
473 1211 572 1248 Deus
591 1210 664 1248 iam
685 1212 809 1249 noster
827 1212 964 1250 homo?
983 1213 1161 1251 Versatur
1180 1213 1217 1250 et
1235 1213 1361 1251 adstat
1399 1213 1476 1252 605

339 1264 556 1311 Nobiscum,
587 1275 790 1312 nomenque
818 1265 971 1312 proban
997 1277 1213 1314 versumque
1240 1265 1398 1305 vetustis

338 1318 543 1356 Obscurum
571 1318 703 1356 saeclis
730 1318 916 1366 praesenti
941 1319 1143 1357 inluminat
1169 1330 1244 1358 ore.

338 1372 454 1409 Estne
482 1371 597 1418 Deus,
628 1371 733 1409 cuius
761 1383 877 1410 cunas
905 1374 1101 1411 veneratus
1128 1373 1228 1411 Eous
1263 1372 1340 1423 (4),

338 1424 525 1462 Lancibus
553 1424 693 1462 auratis
721 1425 862 1473 regalia
890 1425 1029 1464 fercula
1057 1426 1211 1474 supplex

339 1477 507 1526 Virginis
535 1478 582 1515 ad
610 1478 791 1526 gremium
818 1479 955 1526 pannis
981 1479 1184 1527 puerilibus
1212 1480 1343 1519 offert?
1399 1480 1476 1519 610

337 1530 428 1577 Quis
455 1532 532 1568 tam
559 1531 738 1579 pinnatus
766 1532 965 1580 rapidoque
993 1533 1204 1572 simillimus
1232 1535 1358 1572 austro

404 1653 454 1694 (1)
478 1655 584 1686 uerat.
599 1654 666 1686 scil.
692 1665 709 1683 ‹<
725 1655 809 1693 loqui
826 1665 855 1687 ».
874 1656 944 1686 Vet.
963 1656 1079 1686 Glossa.
1095 1673 1138 1679 —
1151 1660 1285 1688 secretos
1306 1658 1416 1695 fastus
1437 1675 1480 1682 -—

342 1696 447 1726 Mle-NE
468 1696 545 1727 edit.
568 1699 706 1726 secretos
728 1697 831 1733 fastos
853 1698 922 1728 scil.
948 1698 1095 1729 annales.

400 1737 444 1775 (2)
465 1738 662 1768 versiculus.
688 1738 835 1768 Refertur
867 1739 907 1769 ad
934 1740 1044 1769 ISAIAM
1071 1740 1144 1776 VII,
1171 1740 1208 1770 14
1235 1750 1253 1768 «
1278 1740 1356 1771 Ecce
1381 1741 1469 1779 virgo
1493 1756 1495 1759 ·

344 1779 500 1817 concipiet
521 1781 581 1810 etc.
604 1789 622 1809 »
646 1780 705 1810 Hic
727 1789 798 1810 vero
820 1782 961 1818 praestat
981 1781 1082 1818 legere
1105 1789 1179 1819 quas
1194 1782 1303 1811 coum-a
1317 1782 1414 1820 impia
1429 1783 1477 1814 Iu-

343 1821 448 1851 daeor.
466 1815 638 1851 commenta
653 1821 811 1851 Vindicias
822 1822 881 1852 scri
884 1823 949 1859 psit
963 1822 1188 1853 ermsnmvs
1202 1822 1266 1854 Tel.
1284 1823 1352 1860 Igu.
1369 1823 1477 1855 Satan.

340 1863 376 1893 Τ.
395 1862 425 1894 1.
437 1861 496 1893 Sed
507 1862 587 1893 hanc
599 1862 788 1899 Wagenselii
802 1862 1063 1894 elucubrationem
1077 1873 1166 1895 nemo
1181 1873 1250 1895 cum
1261 1864 1479 1902 fructu-legere

339 1904 450 1941 possit,
471 1904 531 1940 uti,
547 1905 619 1941 apte
632 1906 722 1934 notat
744 1905 906 1940 Tnsomvs,
922 1905 974 1942 qui
990 1906 1113 1943 linguae
1135 1906 1287 1938 hebraicae
1300 1907 1406 1943 studia
1420 1909 1478 1938 mi—

279 1967 281 1970 .
342 1946 424 1975 mine
446 1954 466 1975 a
487 1945 594 1975 limine
607 1946 811 1977 salutaverit.
1330 1979 1333 1982 Α
1400 1968 1403 1973 .

402 1987 447 2024 (3)
471 1987 727 2026 Emmanuelque
743 1987 828 2026 Quod
839 1996 948 2018 nomen
960 1988 1039 2020 idem
1053 1989 1134 2021 valet
1146 1992 1238 2028 atque
1250 2002 1268 2020 «
1282 1992 1364 2023 Deus
1377 1991 1477 2027 nobis-

342 2036 423 2058 cum.
449 2038 465 2056 >›
490 2029 526 2060 V.
551 2029 676 2061 Mum.
703 2030 731 2064 1,
757 2030 808 2059 25.

405 2069 453 2109 (4)
475 2069 618 2110 Eous.2A
630 2079 741 2107 graeco
761 2069 828 2108 ὲὼς
850 2075 978 2106 aurora:
1005 2074 1036 2103 et
1059 2073 1095 2103 de
1111 2074 1210 2110 Magis
1232 2075 1280 2106 est
1300 2083 1410 2114 sermo,
1425 2075 1478 2111 qui

343 2117 382 2148 ab
403 2117 523 2148 oriente
546 2119 708 2149 venerant.
724 2119 767 2150 .V.
793 2115 944 2169 Καθημ.
967 2120 1023 2158 ΧΙ,
1048 2122 1103 2158 62ς
1128 2121 1292 2160 Sznv1.‚‘L.
1316 2122 1365 2161 ΙΙλ
1379 2122 1431 2162 24.

339 944 485 982 Gaudia
502 943 715 991 concipiunt
733 944 921 992 lacrimas,
944 945 1036 983 dant
1053 946 1191 994 gaudia
1209 945 1349 984 fletum.
1399 946 1476 984 600
1539 943 1546 951 ”
