1566 2482
272 148 350 195 234
644 163 799 194 Avaum
825 136 1034 195 paveantur
1108 159 1126 166 *⁴

324 274 468 324 Syrtica
493 275 669 313 cornutas
696 273 811 313 facies
837 273 997 312 habuere
1022 272 1189 322 tropaea.
1327 275 1404 314 355

271 372 274 377 ,
325 330 443 368 Roma
467 327 736 376 triumphantis
763 327 908 376 quoties
935 326 1041 365 ducis
1067 326 1203 365 inclita
1231 339 1380 367 currum

326 381 526 420 Plausibus
552 380 707 430 excepit,
737 380 847 419 toties
874 380 1011 418 altaria
1037 379 1163 419 divum

325 434 497 481 Addidit,
528 436 565 473 et
591 434 722 482 spoliis
750 434 897 473 sibimet
922 444 1020 472 nova
1048 434 1204 472 numina
1230 434 1344 473 feeit:

328 488 510 535 Numina,
532 499 624 536 quae
643 488 776 536 patriis
794 499 878 526 cum
903 487 1095 526 moenibus
1121 489 1241 535 eruta,
1262 488 1408 527 nullum

326 541 561 580 Praesidium
588 543 736 589 potuere
766 540 816 589 (1)
847 541 926 579 suis
954 540 1098 579 adferre
1124 541 1286 580 sacellis.
1331 542 1408 580 360

328 595 471 642 Cernis,
501 597 545 633 ut
571 594 718 643 antiqui
745 606 887 642 semper
914 594 1076 643 vestigia
1102 594 1216 633 moris

329 649 525 687 Gressibus
551 648 705 687 incertis
732 648 833 686 varie
859 647 1042 686 titubasse
1069 648 1284 696 probentur,

328 701 581 741 Adsciseendo
610 703 660 750 (2)
690 701 778 740 deos
803 701 1006 740 maioribus
1032 702 1293 750 incompertos,

329 757 444 804 Seque
473 755 668 803 peregrina
694 756 764 793 sub
790 754 983 802 relligione
1010 755 1168 802 dieasse,

330 810 409 847 Nee
435 808 530 847 ritus
549 820 715 847 servasse
743 820 829 847 suos
844 811 862 846 ἱ)
881 809 1106 856 quodcumqe
1133 819 1319 847 sacrorum
1336 809 1408 855 est,

329 862 503 910 Exsulat,
533 863 794 910 externumque
821 861 1012 900 inimicam
1039 861 1144 901 venit
1169 861 1210 899 in
1236 862 1379 900 urbem.

330 916 485 954 Frustra
512 915 629 964 igitur
656 915 791 962 solitis,
820 927 936 963 prava
964 914 1183 962 observatio,
1213 915 1397 954 inhaeres.

331 970 418 1008 Non
437 970 494 1007 est
509 980 586 1007 mos
604 969 763 1017 patrius,
784 981 891 1017 quem
906 968 1048 1018 diligis,
1064 968 1231 1016 improba
1245 979 1320 1008 non
1339 970 1410 1007 est.

278 1023 347 1061 Sed
376 1023 505 1061 sollers
533 1025 655 1062 orator
682 1022 760 1060 ait:
793 1022 972 1060 Fataliter
999 1022 1136 1062 Vrbem
1157 1023 1207 1070 (3)

331 1076 521 1123 Sortitam,
551 1087 713 1124 quonam
741 1076 858 1115 Genio
888 1075 1076 1124 proprium
1108 1075 1234 1124 exigat
1261 1086 1407 1114 aevum.

332 1130 485 1168 Cunctis
503 1141 591 1167 nam
609 1129 756 1177 populis
784 1141 849 1167 seu
877 1129 1070 1167 moenibus
1098 1128 1254 1176 inditur,
1275 1128 1412 1176 inquit,

332 1184 411 1221 Aut
425 1183 556 1230 fatum,
579 1185 644 1221 aut
671 1182 809 1221 Genius
830 1183 897 1230 (4),
918 1183 1129 1221 nostrarum
1148 1193 1246 1220 more
1272 1181 1416 1286 aFima-

1314 1246 1412 1282 rum,

332 1289 432 1336 Quae
462 1289 531 1327 sub
560 1289 728 1337 disparili
757 1289 917 1327 subeunt
944 1299 1041 1327 nova
1068 1299 1220 1337 corpora
1246 1291 1358 1326 sorte.

281 1344 364 1381 Iam
391 1343 565 1391 primum,
598 1343 662 1390 qui
691 1342 741 1380 sit
768 1342 922 1389 Genius,
953 1342 1012 1380 vel
1040 1342 1104 1390 qui
1132 1343 1254 1380 status
1280 1341 1338 1380 illi

335 1398 543 1444 Competat,
565 1397 718 1444 ignoro:
742 1396 829 1443 quid
848 1395 981 1443 possit,
1003 1397 1040 1434 et
1062 1395 1160 1434 unde
1179 1395 1319 1434 oriatur
1338 1395 1414 1433 375

332 1450 491 1497 Spiritus
518 1449 702 1496 informis,
733 1449 812 1487 sine
841 1460 1006 1496 corpore,
1035 1449 1214 1496 formave,
1245 1459 1295 1486 an
1321 1448 1402 1486 ulla

334 1504 389 1541 Sit
416 1503 572 1551 species,
603 1506 640 1541 et
667 1502 757 1551 quid
784 1503 921 1551 sapiat,
952 1514 1046 1551 quae
1073 1513 1228 1541 munera
1254 1502 1376 1540 curet:

335 1558 486 1604 Contra,
517 1556 663 1595 animas
691 1556 883 1594 hominum
910 1556 1016 1595 venis
1044 1555 1224 1594 vitalibus
1250 1555 1355 1594 intus

346 1693 391 1731 (1)
414 1692 631 1723 Adsciscendo
651 1695 709 1724 etc.
732 1691 844 1722 Versus
863 1691 1023 1730 spoudaie.

346 1736 390 1774 (2)
406 1735 538 1765 nullum
554 1735 768 1766 Praesidium
778 1736 913 1773 potuere
923 1757 931 1765 .
943 1757 951 1765 .
962 1756 970 1764 .
993 1733 1025 1764 S.
1050 1732 1188 1763 Avovsr.
1205 1732 1244 1763 ad
1259 1731 1418 1763 Romanos

280 1785 448 1807 conversus
469 1776 528 1806 loc.
551 1777 627 1807 cit.:
653 1786 670 1804 α
694 1775 825 1806 Occulta
839 1776 896 1805 Dei
913 1775 976 1805 veri
991 1775 1165 1810 voluntate.
1186 1773 1247 1804 sibi
1262 1773 1369 1804 datum
1384 1775 1419 1804 ut

282 1820 409 1849 auctum
439 1826 582 1854 regnum,
614 1826 674 1847 non
695 1817 817 1848 illorum
838 1816 964 1846 deorum
986 1816 1103 1853 favore,
1127 1816 1180 1852 qui
1202 1816 1228 1845 si
1251 1814 1369 1852 aliquid
1384 1816 1418 1845 in

282 1860 340 1890 hac
363 1869 396 1889 re
418 1859 586 1897 potestatis
608 1859 803 1894 habuissent,
825 1867 896 1888 suos
917 1858 1023 1896 potius
1046 1857 1277 1896 protexissent.
1293 1879 1301 1887 .
1316 1879 1325 1888 .
1350 1867 1369 1885 »

346 1901 391 1940 (3)
413 1900 566 1938 fataliter
591 1900 704 1930 Vrbem
730 1901 889 1930 Son-ittam
903 1922 911 1930 .
928 1923 936 1931 .
952 1921 960 1930 .
991 1900 1124 1929 Tvnuvs
1145 1909 1163 1927 α
1188 1899 1235 1928 De
1264 1898 1416 1929 Divinae.

283 1943 317 1973 L.
339 1943 368 1972 11
382 1954 398 1971 »
429 1942 603 1972 istiusmodi
617 1942 793 1980 opinionem
809 1941 955 1972 maximis
971 1941 1128 1971 erroribus
1141 1941 1255 1979 probat
1267 1948 1333 1971 esse
1347 1948 1417 1970 con·

286 1984 523 2015 numerandam.

346 2026 392 2064 (4)
414 2027 483 2055 Aut
505 2026 614 2063 fatum
645 2027 705 2054 aut
733 2024 871 2055 Genius.
902 2024 1063 2055 Pictorum
1092 2022 1255 2054 numinum
1283 2023 1418 2054 cultores

285 2075 444 2104 perversas
464 2066 502 2097 de
523 2067 591 2096 sato
610 2067 770 2104 opiniones
789 2066 932 2096 habuisse
961 2067 1096 2103 constat,
1118 2073 1230 2102 easque
1259 2064 1292 2096 S.
1316 2065 1417 2095 Avov-

284 2116 393 2139 s‘rm'vs
414 2109 538 2139 omnino
559 2107 723 2141 refutarit.
