<?xml version="1.0" encoding="UTF-8"?>
<!DOCTYPE html PUBLIC "-//W3C//DTD XHTML 1.0 Transitional//EN"
    "http://www.w3.org/TR/xhtml1/DTD/xhtml1-transitional.dtd">
<html xmlns="http://www.w3.org/1999/xhtml" xml:lang="en" lang="en">
 <head>
  <title>
</title>
<meta http-equiv="Content-Type" content="text/html;charset=utf-8" />
  <meta name='ocr-system' content='tesseract 3.04.00' />
  <meta name='ocr-capabilities' content='ocr_page ocr_carea ocr_par ocr_line ocrx_word'/>
</head>
<body>
  <div class='ocr_page' id='page_1' title='image "./operaprud00pruduoft/operaprud00pruduoft_0026.png"; bbox 0 0 1566 2482; ppageno 0'>
   <div class='ocr_carea' id='block_1_1' title="bbox 241 1984 710 2020">
    <p class='ocr_par' dir='ltr' id='par_1_1' title="bbox 241 1984 710 2020">
     <span class='ocr_line' id='line_1_1' title="bbox 241 1984 710 2020; baseline 0 -2"><span class='ocrx_word' id='word_1_1' title='bbox 241 1984 243 1988; x_wconf 75' lang='grc'><strong>’</strong></span> <span class='ocrx_word' id='word_1_2' title='bbox 281 1989 342 2018; x_wconf 82' lang='lat' dir='ltr'>(lit.</span> <span class='ocrx_word' id='word_1_3' title='bbox 365 1988 403 2020; x_wconf 87' lang='lat' dir='ltr'>V.</span> <span class='ocrx_word' id='word_1_4' title='bbox 426 1989 509 2019; x_wconf 84' lang='lat' dir='ltr'>infra</span> <span class='ocrx_word' id='word_1_5' title='bbox 530 1997 611 2019; x_wconf 84' lang='lat' dir='ltr'>vers.</span> <span class='ocrx_word' id='word_1_6' title='bbox 635 1988 710 2019; x_wconf 82' lang='lat'>231.</span> 
     </span>
    </p>
   </div>
   <div class='ocr_carea' id='block_1_2' title="bbox 817 0 1566 287">
    <p class='ocr_par' dir='ltr' id='par_1_2' title="bbox 817 0 1566 287">
     <span class='ocr_line' id='line_1_2' title="bbox 817 0 1566 287; baseline 0 0"><span class='ocrx_word' id='word_1_7' title='bbox 817 0 1566 287; x_wconf 95' lang='lat' dir='ltr'>   </span> 
     </span>
    </p>
   </div>
   <div class='ocr_carea' id='block_1_3' title="bbox 295 169 1052 206">
    <p class='ocr_par' dir='ltr' id='par_1_3' title="bbox 295 169 1052 206">
     <span class='ocr_line' id='line_1_3' title="bbox 295 169 1052 206; baseline -0.001 -1"><span class='ocrx_word' id='word_1_8' title='bbox 295 169 343 205; x_wconf 79' lang='lat'>22</span> <span class='ocrx_word' id='word_1_9' title='bbox 671 177 823 206; x_wconf 71' lang='lat' dir='ltr'>Avssnml</span> <span class='ocrx_word' id='word_1_10' title='bbox 851 177 1052 205; x_wconf 70' lang='lat' dir='ltr'>annnn‘rn</span> 
     </span>
    </p>
   </div>
   <div class='ocr_carea' id='block_1_4' title="bbox 1181 241 1433 248">
    <p class='ocr_par' dir='ltr' id='par_1_4' title="bbox 1181 241 1433 248">
     <span class='ocr_line' id='line_1_4' title="bbox 1181 241 1433 248; baseline 0 2234"><span class='ocrx_word' id='word_1_11' title='bbox 1181 241 1433 248; x_wconf 95' lang='lat' dir='ltr'> </span> 
     </span>
    </p>
   </div>
   <div class='ocr_carea' id='block_1_5' title="bbox 288 292 1430 768">
    <p class='ocr_par' dir='ltr' id='par_1_5' title="bbox 290 292 1430 446">
     <span class='ocr_line' id='line_1_5' title="bbox 290 292 1406 342; baseline -0.001 -11"><span class='ocrx_word' id='word_1_12' title='bbox 290 293 404 332; x_wconf 85' lang='lat' dir='ltr'>Exuit</span> <span class='ocrx_word' id='word_1_13' title='bbox 431 293 606 342; x_wconf 76' lang='lat' dir='ltr'>antiquae</span> <span class='ocrx_word' id='word_1_14' title='bbox 634 293 806 340; x_wconf 85' lang='lat' dir='ltr'>corrupta</span> <span class='ocrx_word' id='word_1_15' title='bbox 833 292 981 330; x_wconf 86' lang='lat' dir='ltr'>exordia</span> <span class='ocrx_word' id='word_1_16' title='bbox 1007 292 1120 339; x_wconf 85' lang='lat' dir='ltr'>vitae,</span> <span class='ocrx_word' id='word_1_17' title='bbox 1403 329 1406 331; x_wconf 87' lang='grc'><strong>,</strong></span> 
     </span>
     <span class='ocr_line' id='line_1_6' title="bbox 291 343 1430 394; baseline -0.001 -10"><span class='ocrx_word' id='word_1_18' title='bbox 291 347 503 385; x_wconf 87' lang='lat' dir='ltr'>Immortale</span> <span class='ocrx_word' id='word_1_19' title='bbox 531 347 668 385; x_wconf 89' lang='lat' dir='ltr'>bonum</span> <span class='ocrx_word' id='word_1_20' title='bbox 694 346 841 394; x_wconf 87' lang='lat' dir='ltr'>proprio</span> <span class='ocrx_word' id='word_1_21' title='bbox 868 345 1066 394; x_wconf 77' lang='lat' dir='ltr'>spiramine</span> <span class='ocrx_word' id='word_1_22' title='bbox 1093 356 1257 384; x_wconf 86' lang='lat' dir='ltr'>sumens.</span> <span class='ocrx_word' id='word_1_23' title='bbox 1352 343 1430 384; x_wconf 80' lang='lat'>170</span> 
     </span>
     <span class='ocr_line' id='line_1_7' title="bbox 292 398 1259 446; baseline 0 -9"><span class='ocrx_word' id='word_1_24' title='bbox 292 400 422 441; x_wconf 74' lang='lat' dir='ltr'>Filius,</span> <span class='ocrx_word' id='word_1_25' title='bbox 437 400 499 438; x_wconf 90' lang='lat' dir='ltr'>ille</span> <span class='ocrx_word' id='word_1_26' title='bbox 527 399 703 446; x_wconf 82' lang='lat' dir='ltr'>hominis,</span> <span class='ocrx_word' id='word_1_27' title='bbox 735 399 799 438; x_wconf 89' lang='lat' dir='ltr'>sed</span> <span class='ocrx_word' id='word_1_28' title='bbox 827 398 945 438; x_wconf 87' lang='lat' dir='ltr'>Filius</span> <span class='ocrx_word' id='word_1_29' title='bbox 972 399 1035 437; x_wconf 93' lang='lat' dir='ltr'>ille</span> <span class='ocrx_word' id='word_1_30' title='bbox 1063 399 1259 446; x_wconf 80' lang='lat' dir='ltr'>Tonantis,</span> 
     </span>
    </p>

    <p class='ocr_par' dir='ltr' id='par_1_6' title="bbox 290 451 1427 607">
     <span class='ocr_line' id='line_1_8' title="bbox 290 451 1426 502; baseline 0 -12"><span class='ocrx_word' id='word_1_31' title='bbox 290 454 373 490; x_wconf 87' lang='lat' dir='ltr'>Iam</span> <span class='ocrx_word' id='word_1_32' title='bbox 401 454 502 492; x_wconf 86' lang='lat' dir='ltr'>solus</span> <span class='ocrx_word' id='word_1_33' title='bbox 521 453 665 492; x_wconf 88' lang='lat' dir='ltr'>vultum</span> <span class='ocrx_word' id='word_1_34' title='bbox 694 453 817 491; x_wconf 86' lang='lat' dir='ltr'>Patris</span> <span class='ocrx_word' id='word_1_35' title='bbox 845 452 1006 501; x_wconf 74' lang='lat' dir='ltr'>adspicit</span> <span class='ocrx_word' id='word_1_36' title='bbox 1034 451 1094 502; x_wconf 88' lang='lat'>(1)</span> <span class='ocrx_word' id='word_1_37' title='bbox 1113 454 1150 491; x_wconf 86' lang='lat' dir='ltr'>et</span> <span class='ocrx_word' id='word_1_38' title='bbox 1169 452 1272 491; x_wconf 87' lang='lat' dir='ltr'>videt</span> <span class='ocrx_word' id='word_1_39' title='bbox 1289 451 1426 500; x_wconf 83' lang='lat' dir='ltr'>ipsum.</span> 
     </span>
     <span class='ocr_line' id='line_1_9' title="bbox 290 505 1427 554; baseline -0.002 -9"><span class='ocrx_word' id='word_1_40' title='bbox 290 508 407 545; x_wconf 86' lang='lat' dir='ltr'>Nemo</span> <span class='ocrx_word' id='word_1_41' title='bbox 435 508 584 545; x_wconf 85' lang='lat' dir='ltr'>Patrem</span> <span class='ocrx_word' id='word_1_42' title='bbox 612 506 717 545; x_wconf 85' lang='lat' dir='ltr'>novit</span> <span class='ocrx_word' id='word_1_43' title='bbox 744 506 818 544; x_wconf 91' lang='lat' dir='ltr'>nisi</span> <span class='ocrx_word' id='word_1_44' title='bbox 846 506 979 553; x_wconf 87' lang='lat' dir='ltr'>Filius,</span> <span class='ocrx_word' id='word_1_45' title='bbox 1010 507 1047 544; x_wconf 89' lang='lat' dir='ltr'>et</span> <span class='ocrx_word' id='word_1_46' title='bbox 1073 507 1133 544; x_wconf 85' lang='lat' dir='ltr'>ciii</span> <span class='ocrx_word' id='word_1_47' title='bbox 1161 506 1343 544; x_wconf 88' lang='lat' dir='ltr'>monstrat</span> <span class='ocrx_word' id='word_1_48' title='bbox 1373 505 1427 554; x_wconf 78' lang='lat'>(⁶2)</span> 
     </span>
     <span class='ocr_line' id='line_1_10' title="bbox 290 559 1217 607; baseline 0 -10"><span class='ocrx_word' id='word_1_49' title='bbox 290 560 421 607; x_wconf 79' lang='lat' dir='ltr'>Filius,</span> <span class='ocrx_word' id='word_1_50' title='bbox 453 561 489 598; x_wconf 87' lang='lat' dir='ltr'>et</span> <span class='ocrx_word' id='word_1_51' title='bbox 516 560 634 599; x_wconf 88' lang='lat' dir='ltr'>nostri</span> <span class='ocrx_word' id='word_1_52' title='bbox 660 559 839 598; x_wconf 80' lang='lat' dir='ltr'>mediator</span> <span class='ocrx_word' id='word_1_53' title='bbox 866 560 903 597; x_wconf 88' lang='lat' dir='ltr'>et</span> <span class='ocrx_word' id='word_1_54' title='bbox 930 559 1217 607; x_wconf 84' lang='lat' dir='ltr'>Omnipotentis.</span> 
     </span>
    </p>

    <p class='ocr_par' dir='ltr' id='par_1_7' title="bbox 288 611 1427 768">
     <span class='ocr_line' id='line_1_11' title="bbox 288 611 1427 661; baseline -0.001 -11"><span class='ocrx_word' id='word_1_55' title='bbox 288 614 453 661; x_wconf 83' lang='lat' dir='ltr'>Denique</span> <span class='ocrx_word' id='word_1_56' title='bbox 473 614 693 652; x_wconf 87' lang='lat' dir='ltr'>concludam</span> <span class='ocrx_word' id='word_1_57' title='bbox 710 613 831 652; x_wconf 87' lang='lat' dir='ltr'>brevis</span> <span class='ocrx_word' id='word_1_58' title='bbox 850 614 892 651; x_wconf 90' lang='lat' dir='ltr'>ut</span> <span class='ocrx_word' id='word_1_59' title='bbox 910 613 1127 660; x_wconf 86' lang='lat' dir='ltr'>compendia</span> <span class='ocrx_word' id='word_1_60' title='bbox 1147 623 1326 651; x_wconf 86' lang='lat' dir='ltr'>summae:</span> <span class='ocrx_word' id='word_1_61' title='bbox 1351 611 1427 650; x_wconf 81' lang='lat'>175</span> 
     </span>
     <span class='ocr_line' id='line_1_12' title="bbox 289 666 1323 714; baseline 0 -10"><span class='ocrx_word' id='word_1_62' title='bbox 289 667 376 704; x_wconf 89' lang='lat' dir='ltr'>Non</span> <span class='ocrx_word' id='word_1_63' title='bbox 395 668 506 705; x_wconf 83' lang='lat' dir='ltr'>Pater</span> <span class='ocrx_word' id='word_1_64' title='bbox 523 667 564 705; x_wconf 86' lang='lat' dir='ltr'>in</span> <span class='ocrx_word' id='word_1_65' title='bbox 582 678 729 705; x_wconf 87' lang='lat' dir='ltr'>carnem</span> <span class='ocrx_word' id='word_1_66' title='bbox 749 666 951 714; x_wconf 86' lang='lat' dir='ltr'>descendit,</span> <span class='ocrx_word' id='word_1_67' title='bbox 975 667 1039 704; x_wconf 86' lang='lat' dir='ltr'>sed</span> <span class='ocrx_word' id='word_1_68' title='bbox 1059 667 1182 704; x_wconf 83' lang='lat' dir='ltr'>Patris</span> <span class='ocrx_word' id='word_1_69' title='bbox 1201 677 1323 704; x_wconf 84' lang='lat' dir='ltr'>arcem</span> 
     </span>
     <span class='ocr_line' id='line_1_13' title="bbox 288 720 1426 768; baseline 0.001 -12"><span class='ocrx_word' id='word_1_70' title='bbox 288 720 416 758; x_wconf 82' lang='lat' dir='ltr'>Sumta</span> <span class='ocrx_word' id='word_1_71' title='bbox 452 731 537 759; x_wconf 85' lang='lat' dir='ltr'>caro</span> <span class='ocrx_word' id='word_1_72' title='bbox 572 720 779 758; x_wconf 83' lang='lat' dir='ltr'>adscendit.</span> <span class='ocrx_word' id='word_1_73' title='bbox 825 721 948 758; x_wconf 89' lang='lat' dir='ltr'>Natus</span> <span class='ocrx_word' id='word_1_74' title='bbox 967 731 1031 767; x_wconf 88' lang='lat' dir='ltr'>per</span> <span class='ocrx_word' id='word_1_75' title='bbox 1062 722 1258 768; x_wconf 87' lang='lat' dir='ltr'>utrumque</span> <span class='ocrx_word' id='word_1_76' title='bbox 1300 730 1426 757; x_wconf 86' lang='lat' dir='ltr'>cucur-</span> 
     </span>
    </p>
   </div>
   <div class='ocr_carea' id='block_1_6' title="bbox 599 771 1444 974">
    <p class='ocr_par' dir='ltr' id='par_1_8' title="bbox 599 771 1444 974">
     <span class='ocr_line' id='line_1_14' title="bbox 1256 771 1444 842; baseline 0.005 -33"><span class='ocrx_word' id='word_1_77' title='bbox 1256 771 1322 823; x_wconf 74' lang='lat' dir='ltr'>[rit</span> <span class='ocrx_word' id='word_1_78' title='bbox 1350 771 1444 842; x_wconf 55' lang='lat' dir='ltr'>(egb</span> 
     </span>
     <span class='ocr_line' id='line_1_15' title="bbox 835 864 879 901; baseline 0 0"><span class='ocrx_word' id='word_1_79' title='bbox 835 864 879 901; x_wconf 89' lang='lat'>11</span> 
     </span>
     <span class='ocr_line' id='line_1_16' title="bbox 599 935 1115 974; baseline -0.004 0"><span class='ocrx_word' id='word_1_80' title='bbox 599 935 802 974; x_wconf 80' lang='lat' dir='ltr'><strong>CONTRA</strong></span> <span class='ocrx_word' id='word_1_81' title='bbox 831 935 1115 974; x_wconf 80' lang='lat' dir='ltr'>VNIONITAS</span> 
     </span>
    </p>
   </div>
   <div class='ocr_carea' id='block_1_7' title="bbox 287 1022 1428 1186">
    <p class='ocr_par' dir='ltr' id='par_1_9' title="bbox 287 1022 1428 1186">
     <span class='ocr_line' id='line_1_17' title="bbox 287 1022 1426 1061; baseline -0.002 -7"><span class='ocrx_word' id='word_1_82' title='bbox 287 1023 455 1060; x_wconf 74' lang='lat' dir='ltr'>Postquam</span> <span class='ocrx_word' id='word_1_83' title='bbox 477 1025 509 1053; x_wconf 84' lang='lat' dir='ltr'>in</span> <span class='ocrx_word' id='word_1_84' title='bbox 530 1031 582 1053; x_wconf 89' lang='lat' dir='ltr'>eos</span> <span class='ocrx_word' id='word_1_85' title='bbox 604 1023 686 1053; x_wconf 87' lang='lat' dir='ltr'>esset</span> <span class='ocrx_word' id='word_1_86' title='bbox 707 1022 910 1061; x_wconf 83' lang='lat' dir='ltr'>digladiatus,</span> <span class='ocrx_word' id='word_1_87' title='bbox 933 1022 987 1059; x_wconf 86' lang='lat' dir='ltr'>qui</span> <span class='ocrx_word' id='word_1_88' title='bbox 1009 1022 1136 1053; x_wconf 81' lang='lat' dir='ltr'>Patrem</span> <span class='ocrx_word' id='word_1_89' title='bbox 1157 1030 1279 1061; x_wconf 84' lang='lat' dir='ltr'>passum</span> <span class='ocrx_word' id='word_1_90' title='bbox 1301 1022 1426 1052; x_wconf 81' lang='lat' dir='ltr'>conten-</span> 
     </span>
     <span class='ocr_line' id='line_1_18' title="bbox 327 1065 1428 1103; baseline -0.001 -8"><span class='ocrx_word' id='word_1_91' title='bbox 327 1066 450 1101; x_wconf 86' lang='lat' dir='ltr'>derunt,</span> <span class='ocrx_word' id='word_1_92' title='bbox 486 1065 590 1103; x_wconf 83' lang='lat' dir='ltr'>pergit</span> <span class='ocrx_word' id='word_1_93' title='bbox 627 1065 732 1095; x_wconf 86' lang='lat' dir='ltr'>noster</span> <span class='ocrx_word' id='word_1_94' title='bbox 770 1065 893 1095; x_wconf 89' lang='lat' dir='ltr'>eosdem</span> <span class='ocrx_word' id='word_1_95' title='bbox 928 1065 1011 1102; x_wconf 84' lang='lat' dir='ltr'>ipsos</span> <span class='ocrx_word' id='word_1_96' title='bbox 1043 1072 1229 1103; x_wconf 83' lang='lat' dir='ltr'>oppugnare.</span> <span class='ocrx_word' id='word_1_97' title='bbox 1265 1072 1428 1102; x_wconf 82' lang='lat' dir='ltr'>perversae</span> 
     </span>
     <span class='ocr_line' id='line_1_19' title="bbox 328 1105 1427 1144; baseline -0.003 -7"><span class='ocrx_word' id='word_1_98' title='bbox 328 1107 487 1137; x_wconf 83' lang='lat' dir='ltr'>doetrinae</span> <span class='ocrx_word' id='word_1_99' title='bbox 503 1107 680 1144; x_wconf 82' lang='lat' dir='ltr'>magistros,</span> <span class='ocrx_word' id='word_1_100' title='bbox 695 1106 746 1143; x_wconf 83' lang='lat' dir='ltr'>qui</span> <span class='ocrx_word' id='word_1_101' title='bbox 768 1106 897 1136; x_wconf 82' lang='lat' dir='ltr'>fuerunt</span> <span class='ocrx_word' id='word_1_102' title='bbox 922 1106 1097 1136; x_wconf 80' lang='lat' dir='ltr'>Unionitae</span> <span class='ocrx_word' id='word_1_103' title='bbox 1112 1105 1274 1144; x_wconf 80' lang='lat' dir='ltr'>appellati,</span> <span class='ocrx_word' id='word_1_104' title='bbox 1289 1114 1323 1135; x_wconf 84' lang='lat' dir='ltr'>eo</span> <span class='ocrx_word' id='word_1_105' title='bbox 1346 1105 1427 1143; x_wconf 85' lang='lat' dir='ltr'>quod</span> 
     </span>
     <span class='ocr_line' id='line_1_20' title="bbox 327 1147 1203 1186; baseline 0.001 -8"><span class='ocrx_word' id='word_1_106' title='bbox 327 1158 421 1178; x_wconf 85' lang='lat' dir='ltr'>unam</span> <span class='ocrx_word' id='word_1_107' title='bbox 442 1149 567 1178; x_wconf 75' lang='lat' dir='ltr'>tantum</span> <span class='ocrx_word' id='word_1_108' title='bbox 590 1157 656 1178; x_wconf 86' lang='lat' dir='ltr'>esse</span> <span class='ocrx_word' id='word_1_109' title='bbox 679 1149 711 1177; x_wconf 90' lang='lat' dir='ltr'>in</span> <span class='ocrx_word' id='word_1_110' title='bbox 732 1147 795 1178; x_wconf 81' lang='lat' dir='ltr'>Deo</span> <span class='ocrx_word' id='word_1_111' title='bbox 817 1156 978 1186; x_wconf 81' lang='lat' dir='ltr'>personam</span> <span class='ocrx_word' id='word_1_112' title='bbox 999 1148 1203 1179; x_wconf 80' lang='lat' dir='ltr'>affirmarent.</span> 
     </span>
    </p>
   </div>
   <div class='ocr_carea' id='block_1_8' title="bbox 283 1236 1425 1499">
    <p class='ocr_par' dir='ltr' id='par_1_10' title="bbox 283 1236 1425 1499">
     <span class='ocr_line' id='line_1_21' title="bbox 287 1236 1236 1286; baseline -0.002 -10"><span class='ocrx_word' id='word_1_113' title='bbox 287 1239 394 1285; x_wconf 87' lang='lat' dir='ltr'>Cede,</span> <span class='ocrx_word' id='word_1_114' title='bbox 424 1238 640 1286; x_wconf 86' lang='lat' dir='ltr'>profanator</span> <span class='ocrx_word' id='word_1_115' title='bbox 669 1237 822 1284; x_wconf 85' lang='lat' dir='ltr'>Christi,</span> <span class='ocrx_word' id='word_1_116' title='bbox 853 1236 928 1274; x_wconf 87' lang='lat' dir='ltr'>iam</span> <span class='ocrx_word' id='word_1_117' title='bbox 956 1237 1056 1284; x_wconf 88' lang='lat' dir='ltr'>cede,</span> <span class='ocrx_word' id='word_1_118' title='bbox 1086 1237 1236 1284; x_wconf 80' lang='lat' dir='ltr'>Sabelli,</span> 
     </span>
     <span class='ocr_line' id='line_1_22' title="bbox 285 1290 1351 1339; baseline -0.001 -10"><span class='ocrx_word' id='word_1_119' title='bbox 285 1291 551 1339; x_wconf 88' lang='lat' dir='ltr'>Depositorque</span> <span class='ocrx_word' id='word_1_120' title='bbox 580 1290 705 1328; x_wconf 87' lang='lat' dir='ltr'>Patris</span> <span class='ocrx_word' id='word_1_121' title='bbox 734 1290 810 1339; x_wconf 86' lang='lat'>(4),</span> <span class='ocrx_word' id='word_1_122' title='bbox 831 1290 995 1338; x_wconf 86' lang='lat' dir='ltr'>Natique</span> <span class='ocrx_word' id='word_1_123' title='bbox 1022 1291 1155 1328; x_wconf 86' lang='lat' dir='ltr'>insane</span> <span class='ocrx_word' id='word_1_124' title='bbox 1182 1291 1351 1339; x_wconf 83' lang='lat' dir='ltr'>negator.</span> 
     </span>
     <span class='ocr_line' id='line_1_23' title="bbox 285 1342 1425 1391; baseline 0 -9"><span class='ocrx_word' id='word_1_125' title='bbox 285 1345 419 1383; x_wconf 87' lang='lat' dir='ltr'>Nonne</span> <span class='ocrx_word' id='word_1_126' title='bbox 439 1346 589 1382; x_wconf 85' lang='lat' dir='ltr'>Patrem</span> <span class='ocrx_word' id='word_1_127' title='bbox 608 1344 742 1391; x_wconf 84' lang='lat' dir='ltr'>violas,</span> <span class='ocrx_word' id='word_1_128' title='bbox 765 1345 852 1382; x_wconf 91' lang='lat' dir='ltr'>dum</span> <span class='ocrx_word' id='word_1_129' title='bbox 870 1345 1014 1383; x_wconf 86' lang='lat' dir='ltr'>Natum</span> <span class='ocrx_word' id='word_1_130' title='bbox 1034 1344 1125 1382; x_wconf 86' lang='lat' dir='ltr'>scire</span> <span class='ocrx_word' id='word_1_131' title='bbox 1144 1345 1320 1382; x_wconf 81' lang='lat' dir='ltr'>recusas?</span> <span class='ocrx_word' id='word_1_132' title='bbox 1349 1342 1425 1382; x_wconf 88' lang='lat'>180</span> 
     </span>
     <span class='ocr_line' id='line_1_24' title="bbox 284 1396 1363 1446; baseline -0.001 -10"><span class='ocrx_word' id='word_1_133' title='bbox 284 1398 587 1446; x_wconf 78' lang='lat' dir='ltr'>Quandoquidem</span> <span class='ocrx_word' id='word_1_134' title='bbox 614 1409 689 1436; x_wconf 89' lang='lat' dir='ltr'>non</span> <span class='ocrx_word' id='word_1_135' title='bbox 717 1399 774 1436; x_wconf 87' lang='lat' dir='ltr'>est</span> <span class='ocrx_word' id='word_1_136' title='bbox 799 1398 960 1446; x_wconf 85' lang='lat' dir='ltr'>genitor,</span> <span class='ocrx_word' id='word_1_137' title='bbox 992 1397 1066 1436; x_wconf 91' lang='lat' dir='ltr'>nisi</span> <span class='ocrx_word' id='word_1_138' title='bbox 1094 1396 1194 1436; x_wconf 86' lang='lat' dir='ltr'>filius</span> <span class='ocrx_word' id='word_1_139' title='bbox 1221 1398 1363 1443; x_wconf 79' lang='lat' dir='ltr'>exstet3</span> 
     </span>
     <span class='ocr_line' id='line_1_25' title="bbox 283 1450 1421 1499; baseline -0.002 -9"><span class='ocrx_word' id='word_1_140' title='bbox 283 1452 361 1490; x_wconf 88' lang='lat' dir='ltr'>Nec</span> <span class='ocrx_word' id='word_1_141' title='bbox 380 1452 540 1490; x_wconf 83' lang='lat' dir='ltr'>vocitare</span> <span class='ocrx_word' id='word_1_142' title='bbox 561 1452 709 1489; x_wconf 84' lang='lat' dir='ltr'>Patrem</span> <span class='ocrx_word' id='word_1_143' title='bbox 737 1452 834 1499; x_wconf 88' lang='lat' dir='ltr'>potis</span> <span class='ocrx_word' id='word_1_144' title='bbox 853 1463 907 1499; x_wconf 87' lang='lat' dir='ltr'>es,</span> <span class='ocrx_word' id='word_1_145' title='bbox 930 1463 1038 1499; x_wconf 89' lang='lat' dir='ltr'>quem</span> <span class='ocrx_word' id='word_1_146' title='bbox 1065 1451 1229 1499; x_wconf 87' lang='lat' dir='ltr'>germine</span> <span class='ocrx_word' id='word_1_147' title='bbox 1255 1450 1421 1491; x_wconf 80' lang='lat' dir='ltr'>fraudas.</span> 
     </span>
    </p>
   </div>
   <div class='ocr_carea' id='block_1_9' title="bbox 282 1562 1425 1986">
    <p class='ocr_par' dir='ltr' id='par_1_11' title="bbox 283 1562 1424 1684">
     <span class='ocr_line' id='line_1_26' title="bbox 283 1562 1424 1599; baseline 0 -7"><span class='ocrx_word' id='word_1_148' title='bbox 283 1564 432 1594; x_wconf 82' lang='lat' dir='ltr'>illabente</span> <span class='ocrx_word' id='word_1_149' title='bbox 454 1563 487 1593; x_wconf 89' lang='lat' dir='ltr'>in</span> <span class='ocrx_word' id='word_1_150' title='bbox 509 1564 632 1594; x_wconf 73' lang='lat' dir='ltr'>viscera</span> <span class='ocrx_word' id='word_1_151' title='bbox 653 1563 785 1599; x_wconf 78' lang='lat' dir='ltr'>Mariae;</span> <span class='ocrx_word' id='word_1_152' title='bbox 810 1563 864 1593; x_wconf 86' lang='lat' dir='ltr'>sed</span> <span class='ocrx_word' id='word_1_153' title='bbox 879 1564 986 1593; x_wconf 84' lang='lat' dir='ltr'>tamen</span> <span class='ocrx_word' id='word_1_154' title='bbox 1001 1563 1110 1593; x_wconf 83' lang='lat' dir='ltr'>nostra</span> <span class='ocrx_word' id='word_1_155' title='bbox 1123 1563 1271 1593; x_wconf 86' lang='lat' dir='ltr'>materies</span> <span class='ocrx_word' id='word_1_156' title='bbox 1290 1562 1424 1593; x_wconf 75' lang='lat' dir='ltr'>formata</span> 
     </span>
     <span class='ocr_line' id='line_1_27' title="bbox 283 1604 1423 1642; baseline -0.001 -7"><span class='ocrx_word' id='word_1_157' title='bbox 283 1614 321 1635; x_wconf 87' lang='lat' dir='ltr'>ex</span> <span class='ocrx_word' id='word_1_158' title='bbox 342 1605 492 1642; x_wconf 81' lang='lat' dir='ltr'>sanguine</span> <span class='ocrx_word' id='word_1_159' title='bbox 523 1605 684 1642; x_wconf 86' lang='lat' dir='ltr'>Virginis,</span> <span class='ocrx_word' id='word_1_160' title='bbox 713 1606 763 1635; x_wconf 84' lang='lat' dir='ltr'>est</span> <span class='ocrx_word' id='word_1_161' title='bbox 791 1605 937 1635; x_wconf 89' lang='lat' dir='ltr'>immunis</span> <span class='ocrx_word' id='word_1_162' title='bbox 964 1604 1158 1642; x_wconf 78' lang='lat' dir='ltr'>corruptelae</span> <span class='ocrx_word' id='word_1_163' title='bbox 1185 1604 1336 1642; x_wconf 78' lang='lat' dir='ltr'>antiquae</span> <span class='ocrx_word' id='word_1_164' title='bbox 1362 1604 1423 1634; x_wconf 84' lang='lat' dir='ltr'>ori-</span> 
     </span>
     <span class='ocr_line' id='line_1_28' title="bbox 283 1645 1341 1684; baseline -0.002 -8"><span class='ocrx_word' id='word_1_165' title='bbox 283 1647 376 1683; x_wconf 85' lang='lat' dir='ltr'>ginis,</span> <span class='ocrx_word' id='word_1_166' title='bbox 399 1646 555 1684; x_wconf 77' lang='lat' dir='ltr'>accipiens</span> <span class='ocrx_word' id='word_1_167' title='bbox 577 1655 596 1676; x_wconf 81' lang='lat' dir='ltr'>a</span> <span class='ocrx_word' id='word_1_168' title='bbox 616 1654 671 1676; x_wconf 85' lang='lat' dir='ltr'>suo</span> <span class='ocrx_word' id='word_1_169' title='bbox 693 1645 808 1676; x_wconf 81' lang='lat' dir='ltr'>Sancto</span> <span class='ocrx_word' id='word_1_170' title='bbox 830 1646 951 1684; x_wconf 84' lang='lat' dir='ltr'>Spiritu</span> <span class='ocrx_word' id='word_1_171' title='bbox 973 1647 1087 1676; x_wconf 91' lang='lat' dir='ltr'>bonum</span> <span class='ocrx_word' id='word_1_172' title='bbox 1109 1646 1297 1677; x_wconf 75' lang='lat' dir='ltr'>immortale.</span> <span class='ocrx_word' id='word_1_173' title='bbox 1322 1656 1341 1674; x_wconf 85' lang='lat'><strong>»</strong></span> 
     </span>
    </p>

    <p class='ocr_par' dir='ltr' id='par_1_12' title="bbox 282 1686 1425 1895">
     <span class='ocr_line' id='line_1_29' title="bbox 350 1686 1425 1727; baseline 0.001 -10"><span class='ocrx_word' id='word_1_174' title='bbox 350 1688 396 1727; x_wconf 89' lang='lat'>(1)</span> <span class='ocrx_word' id='word_1_175' title='bbox 424 1689 498 1717; x_wconf 83' lang='lat' dir='ltr'>Iam</span> <span class='ocrx_word' id='word_1_176' title='bbox 532 1688 636 1718; x_wconf 74' lang='lat' dir='ltr'>solus.</span> <span class='ocrx_word' id='word_1_177' title='bbox 658 1688 884 1718; x_wconf 77' lang='lat' dir='ltr'>Animadverte</span> <span class='ocrx_word' id='word_1_178' title='bbox 905 1688 944 1721; x_wconf 79' lang='grc' dir='ltr'>τὸ</span> <span class='ocrx_word' id='word_1_179' title='bbox 973 1689 1064 1718; x_wconf 73' lang='lat' dir='ltr'>solus</span> <span class='ocrx_word' id='word_1_180' title='bbox 1085 1697 1147 1718; x_wconf 88' lang='lat' dir='ltr'>non</span> <span class='ocrx_word' id='word_1_181' title='bbox 1169 1688 1306 1718; x_wconf 85' lang='lat' dir='ltr'>omnimo</span> <span class='ocrx_word' id='word_1_182' title='bbox 1330 1686 1425 1718; x_wconf 82' lang='lat' dir='ltr'>visio-</span> 
     </span>
     <span class='ocr_line' id='line_1_30' title="bbox 282 1734 1422 1772; baseline 0 -8"><span class='ocrx_word' id='word_1_183' title='bbox 282 1744 352 1765; x_wconf 84' lang='lat' dir='ltr'>nem</span> <span class='ocrx_word' id='word_1_184' title='bbox 367 1735 498 1771; x_wconf 83' lang='lat' dir='ltr'>auferre,</span> <span class='ocrx_word' id='word_1_185' title='bbox 516 1734 571 1764; x_wconf 85' lang='lat' dir='ltr'>sed</span> <span class='ocrx_word' id='word_1_186' title='bbox 594 1734 808 1765; x_wconf 81' lang='lat' dir='ltr'>tantummodo</span> <span class='ocrx_word' id='word_1_187' title='bbox 823 1735 950 1766; x_wconf 86' lang='lat' dir='ltr'>videndi</span> <span class='ocrx_word' id='word_1_188' title='bbox 972 1736 1108 1767; x_wconf 85' lang='lat' dir='ltr'>modum.</span> <span class='ocrx_word' id='word_1_189' title='bbox 1125 1735 1241 1772; x_wconf 82' lang='lat' dir='ltr'>Legere</span> <span class='ocrx_word' id='word_1_190' title='bbox 1254 1735 1362 1765; x_wconf 73' lang='lat' dir='ltr'>nutem</span> <span class='ocrx_word' id='word_1_191' title='bbox 1375 1734 1422 1764; x_wconf 87' lang='lat' dir='ltr'>in-</span> 
     </span>
     <span class='ocr_line' id='line_1_31' title="bbox 283 1775 1421 1815; baseline 0 -9"><span class='ocrx_word' id='word_1_192' title='bbox 283 1777 347 1812; x_wconf 80' lang='lat' dir='ltr'>vat,</span> <span class='ocrx_word' id='word_1_193' title='bbox 371 1777 422 1814; x_wconf 90' lang='lat' dir='ltr'>pie</span> <span class='ocrx_word' id='word_1_194' title='bbox 442 1776 553 1812; x_wconf 78' lang='lat' dir='ltr'>lector,</span> <span class='ocrx_word' id='word_1_195' title='bbox 578 1783 656 1811; x_wconf 79' lang='lat' dir='ltr'>quae</span> <span class='ocrx_word' id='word_1_196' title='bbox 671 1775 788 1806; x_wconf 80' lang='lat' dir='ltr'>habent</span> <span class='ocrx_word' id='word_1_197' title='bbox 804 1777 991 1815; x_wconf 82' lang='lat' dir='ltr'>interpretes</span> <span class='ocrx_word' id='word_1_198' title='bbox 1006 1778 1039 1807; x_wconf 88' lang='lat' dir='ltr'>in</span> <span class='ocrx_word' id='word_1_199' title='bbox 1054 1776 1131 1807; x_wconf 84' lang='lat' dir='ltr'>illud</span> <span class='ocrx_word' id='word_1_200' title='bbox 1146 1777 1278 1807; x_wconf 69' lang='lat' dir='ltr'>Mum.</span> <span class='ocrx_word' id='word_1_201' title='bbox 1293 1775 1352 1813; x_wconf 89' lang='lat' dir='ltr'>XI,</span> <span class='ocrx_word' id='word_1_202' title='bbox 1367 1775 1421 1807; x_wconf 75' lang='lat'>27:</span> 
     </span>
     <span class='ocr_line' id='line_1_32' title="bbox 284 1817 1421 1855; baseline 0.002 -10"><span class='ocrx_word' id='word_1_203' title='bbox 284 1828 302 1845; x_wconf 88' lang='lat'>«</span> <span class='ocrx_word' id='word_1_204' title='bbox 324 1826 415 1848; x_wconf 88' lang='lat' dir='ltr'>nemo</span> <span class='ocrx_word' id='word_1_205' title='bbox 436 1818 526 1847; x_wconf 86' lang='lat' dir='ltr'>novit</span> <span class='ocrx_word' id='word_1_206' title='bbox 555 1817 670 1846; x_wconf 87' lang='lat' dir='ltr'>Filium</span> <span class='ocrx_word' id='word_1_207' title='bbox 703 1818 766 1847; x_wconf 88' lang='lat' dir='ltr'>nisi</span> <span class='ocrx_word' id='word_1_208' title='bbox 799 1817 917 1852; x_wconf 58' lang='lat' dir='ltr'>Patem</span> <span class='ocrx_word' id='word_1_209' title='bbox 948 1827 1046 1855; x_wconf 86' lang='lat' dir='ltr'>neque</span> <span class='ocrx_word' id='word_1_210' title='bbox 1073 1818 1200 1849; x_wconf 72' lang='lat' dir='ltr'>Patrem</span> <span class='ocrx_word' id='word_1_211' title='bbox 1222 1817 1291 1854; x_wconf 84' lang='lat' dir='ltr'>quis</span> <span class='ocrx_word' id='word_1_212' title='bbox 1319 1818 1421 1855; x_wconf 80' lang='lat' dir='ltr'>novit,</span> 
     </span>
     <span class='ocr_line' id='line_1_33' title="bbox 282 1858 1096 1895; baseline -0.001 -6"><span class='ocrx_word' id='word_1_213' title='bbox 282 1859 343 1889; x_wconf 85' lang='lat' dir='ltr'>nisi</span> <span class='ocrx_word' id='word_1_214' title='bbox 365 1859 478 1895; x_wconf 87' lang='lat' dir='ltr'>Filius,</span> <span class='ocrx_word' id='word_1_215' title='bbox 501 1859 535 1888; x_wconf 83' lang='lat' dir='ltr'>et</span> <span class='ocrx_word' id='word_1_216' title='bbox 555 1858 605 1888; x_wconf 85' lang='lat' dir='ltr'>cui</span> <span class='ocrx_word' id='word_1_217' title='bbox 627 1858 763 1888; x_wconf 79' lang='lat' dir='ltr'>voluerit</span> <span class='ocrx_word' id='word_1_218' title='bbox 785 1859 883 1889; x_wconf 73' lang='lat' dir='ltr'>Filius</span> <span class='ocrx_word' id='word_1_219' title='bbox 905 1860 1052 1892; x_wconf 77' lang='lat' dir='ltr'>revelare.</span> <span class='ocrx_word' id='word_1_220' title='bbox 1079 1870 1096 1888; x_wconf 86' lang='lat'>»</span> 
     </span>
    </p>

    <p class='ocr_par' dir='ltr' id='par_1_13' title="bbox 325 1897 1419 1986">
     <span class='ocr_line' id='line_1_34' title="bbox 325 1897 880 1946; baseline 0.004 -16"><span class='ocrx_word' id='word_1_221' title='bbox 325 1900 377 1940; x_wconf 84' lang='lat'>(2)</span> <span class='ocrx_word' id='word_1_222' title='bbox 399 1901 464 1932; x_wconf 70' lang='lat' dir='ltr'>oili.</span> <span class='ocrx_word' id='word_1_223' title='bbox 489 1900 526 1931; x_wconf 90' lang='lat' dir='ltr'>V.</span> <span class='ocrx_word' id='word_1_224' title='bbox 551 1897 702 1946; x_wconf 77' lang='grc' dir='ltr'>Καθημ.</span> <span class='ocrx_word' id='word_1_225' title='bbox 724 1900 782 1936; x_wconf 84' lang='lat'>111,</span> <span class='ocrx_word' id='word_1_226' title='bbox 810 1901 880 1932; x_wconf 82' lang='lat'>167.</span> 
     </span>
     <span class='ocr_line' id='line_1_35' title="bbox 325 1947 1419 1986; baseline 0.001 -8"><span class='ocrx_word' id='word_1_227' title='bbox 325 1947 370 1986; x_wconf 84' lang='lat'>(3)</span> <span class='ocrx_word' id='word_1_228' title='bbox 397 1947 507 1976; x_wconf 81' lang='lat' dir='ltr'>Natus</span> <span class='ocrx_word' id='word_1_229' title='bbox 528 1956 594 1986; x_wconf 80' lang='lat' dir='ltr'>per</span> <span class='ocrx_word' id='word_1_230' title='bbox 626 1951 804 1986; x_wconf 75' lang='lat' dir='ltr'>utrumqne</span> <span class='ocrx_word' id='word_1_231' title='bbox 827 1948 988 1978; x_wconf 80' lang='lat' dir='ltr'>cucurrit.</span> <span class='ocrx_word' id='word_1_232' title='bbox 1011 1947 1179 1979; x_wconf 86' lang='lat' dir='ltr'>Descendit</span> <span class='ocrx_word' id='word_1_233' title='bbox 1200 1949 1294 1985; x_wconf 80' lang='lat' dir='ltr'>atque</span> <span class='ocrx_word' id='word_1_234' title='bbox 1313 1955 1419 1979; x_wconf 74' lang='lat' dir='ltr'>aseen-</span> 
     </span>
    </p>
   </div>
   <div class='ocr_carea' id='block_1_10' title="bbox 277 2030 1421 2152">
    <p class='ocr_par' dir='ltr' id='par_1_14' title="bbox 277 2030 1421 2152">
     <span class='ocr_line' id='line_1_36' title="bbox 321 2030 1421 2072; baseline 0.002 -13"><span class='ocrx_word' id='word_1_235' title='bbox 321 2030 367 2069; x_wconf 72' lang='lat'>(4)</span> <span class='ocrx_word' id='word_1_236' title='bbox 395 2030 633 2070; x_wconf 76' lang='lat' dir='ltr'>Depositorque</span> <span class='ocrx_word' id='word_1_237' title='bbox 670 2030 802 2060; x_wconf 74' lang='lat' dir='ltr'>Patris.</span> <span class='ocrx_word' id='word_1_238' title='bbox 833 2030 889 2068; x_wconf 83' lang='lat' dir='ltr'>Qui</span> <span class='ocrx_word' id='word_1_239' title='bbox 919 2033 1071 2068; x_wconf 82' lang='lat' dir='ltr'>evertere,</span> <span class='ocrx_word' id='word_1_240' title='bbox 1095 2031 1132 2062; x_wconf 88' lang='lat' dir='ltr'>de</span> <span class='ocrx_word' id='word_1_241' title='bbox 1159 2031 1226 2061; x_wconf 86' lang='lat' dir='ltr'>loeo</span> <span class='ocrx_word' id='word_1_242' title='bbox 1254 2039 1310 2062; x_wconf 87' lang='lat' dir='ltr'>suo</span> <span class='ocrx_word' id='word_1_243' title='bbox 1330 2039 1421 2072; x_wconf 75' lang='lat' dir='ltr'>pree-</span> 
     </span>
     <span class='ocr_line' id='line_1_37' title="bbox 279 2071 1417 2112; baseline 0.001 -10"><span class='ocrx_word' id='word_1_244' title='bbox 279 2071 359 2102; x_wconf 85' lang='lat' dir='ltr'>celso</span> <span class='ocrx_word' id='word_1_245' title='bbox 380 2071 520 2102; x_wconf 85' lang='lat' dir='ltr'>deorsum</span> <span class='ocrx_word' id='word_1_246' title='bbox 536 2073 569 2102; x_wconf 80' lang='lat' dir='ltr'>et</span> <span class='ocrx_word' id='word_1_247' title='bbox 583 2080 695 2110; x_wconf 85' lang='lat' dir='ltr'>ponere</span> <span class='ocrx_word' id='word_1_248' title='bbox 717 2081 749 2102; x_wconf 82' lang='lat' dir='ltr'>es</span> <span class='ocrx_word' id='word_1_249' title='bbox 765 2081 867 2103; x_wconf 70' lang='lat' dir='ltr'>ausuS.</span> <span class='ocrx_word' id='word_1_250' title='bbox 881 2072 947 2103; x_wconf 81' lang='lat' dir='ltr'>Hoc</span> <span class='ocrx_word' id='word_1_251' title='bbox 961 2082 1050 2103; x_wconf 81' lang='lat' dir='ltr'>sensu</span> <span class='ocrx_word' id='word_1_252' title='bbox 1074 2074 1239 2112; x_wconf 77' lang='lat' dir='ltr'>depositor</span> <span class='ocrx_word' id='word_1_253' title='bbox 1253 2073 1417 2103; x_wconf 84' lang='lat' dir='ltr'>Prudentii</span> 
     </span>
     <span class='ocr_line' id='line_1_38' title="bbox 277 2113 1042 2152; baseline 0 -8"><span class='ocrx_word' id='word_1_254' title='bbox 277 2113 458 2144; x_wconf 83' lang='lat' dir='ltr'>vocabulum</span> <span class='ocrx_word' id='word_1_255' title='bbox 482 2114 638 2152; x_wconf 74' lang='lat' dir='ltr'>proprIum</span> <span class='ocrx_word' id='word_1_256' title='bbox 661 2115 722 2146; x_wconf 76' lang='lat' dir='ltr'>est.</span> <span class='ocrx_word' id='word_1_257' title='bbox 753 2114 785 2145; x_wconf 77' lang='lat' dir='ltr'>V.</span> <span class='ocrx_word' id='word_1_258' title='bbox 812 2114 893 2143; x_wconf 74' lang='lat' dir='ltr'>infra</span> <span class='ocrx_word' id='word_1_259' title='bbox 917 2124 947 2145; x_wconf 91' lang='lat' dir='ltr'>v.</span> <span class='ocrx_word' id='word_1_260' title='bbox 971 2114 1042 2144; x_wconf 79' lang='lat'>2:31.</span> 
     </span>
    </p>
   </div>
   <div class='ocr_carea' id='block_1_11' title="bbox 1507 290 1566 2482">
    <p class='ocr_par' dir='ltr' id='par_1_15' title="bbox 1507 290 1566 2482">
     <span class='ocr_line' id='line_1_39' title="bbox 1507 290 1566 2482; baseline 0 0"><span class='ocrx_word' id='word_1_261' title='bbox 1507 290 1566 2482; x_wconf 95' lang='lat' dir='ltr'> </span> 
     </span>
    </p>
   </div>
  </div>
 </body>
</html>
