1566 2482
0 0 99 37 5:37
102 0 250 33 ἶῖΡῧ-Ἣςῆξ,
269 10 277 17 -.

289 148 367 188 262
662 159 815 189 svamm
843 158 1047 190 inmn
1080 196 1083 198 ,

341 268 502 308 Siccavit
527 270 658 309 tenues
685 271 832 310 ardenti
860 270 979 310 sidere
1007 271 1138 310 nubes.

341 321 422 361 Nec
444 322 583 369 &vernas
612 323 751 363 infudit
777 336 896 373 aquas
922 325 1162 364 creberrimus
1191 324 1308 364 imber

342 377 463 425 Fruge
491 388 589 416 nova
617 379 654 416 et
673 378 807 416 viridi:
839 378 873 416 si
890 378 1023 417 messis
1045 378 1190 426 adulta,
1210 379 1427 428 priusquam

343 430 548 478 Conceptas
575 432 701 470 tenero
729 432 904 470 solidaret
929 431 1026 471 lacte
1052 432 1250 480 medullas,
1348 434 1426 471 960

342 482 532 522 Adflatum
561 484 681 524 calido
709 496 858 525 succum
885 485 1070 524 contraxit
1096 486 1144 524 ab
1171 486 1283 533 Euro,

341 536 565 591 Ieiunosque
598 538 687 577 tulit
714 539 891 587 calamos,
922 540 1033 588 atque
1061 539 1169 577 irrita
1195 541 1283 578 vota
1550 540 1563 558 '

292 640 295 642 q
342 590 554 638 Agricolae,
585 591 724 631 sterilis
752 593 973 641 stipularum
1002 592 1099 631 silva
1127 591 1274 633 fefellit.

289 644 375 690 His,
407 643 447 681 ni
475 644 598 692 fallor,
630 657 719 694 ager
746 646 850 684 vitiis
879 647 1087 694 corruptus,
1118 646 1155 684 et
1181 647 1269 684 ante

340 697 545 746 Subiacuit,
574 710 686 747 quam
717 699 942 747 Palladium,
974 711 1084 748 quam
1113 699 1242 747 Vesta,
1263 700 1426 738 Penates

340 805 415 842 Sub
440 804 518 843 lare
546 805 747 854 Pergameo
773 807 964 845 servarent
990 805 1077 854 igne
1103 806 1264 854 reposto,

340 858 458 904 Quam
486 858 628 897 Priami
654 859 799 907 genitor
825 859 1017 899 conductis
1043 859 1191 898 moenia
1217 859 1333 898 fabris
1361 858 1420 909 (1)

339 911 570 960 Exstrueoet,
600 924 712 960 quam
739 913 844 961 virgo
873 925 961 952 suas
988 912 1162 951 fundaret
1187 913 1359 951 Athenas

340 965 491 1004 Pallas:
523 965 563 1003 in
591 966 651 1004 his
679 966 854 1014 quoniam
882 966 1046 1006 Vestalis
1075 967 1177 1014 origo
1205 966 1355 1005 favillae

339 1016 517 1066 Vrbibus,
559 1020 602 1057 ut
641 1021 864 1068 memorant,
898 1020 1021 1068 primo
1057 1020 1100 1059 de
1142 1019 1268 1058 fomite
1301 1020 1425 1059 sumta

1148 1070 1235 1123 [est,
1346 1073 1424 1111 970

338 1125 613 1173 Sacraruntque
631 1125 747 1173 focos,
765 1127 831 1164 aut
849 1126 990 1175 Phryx,
1009 1127 1074 1164 aut
1089 1125 1223 1164 Graius
1237 1125 1421 1165 alumnos.

339 1178 519 1226 Antiquis
547 1178 730 1219 elementa
761 1179 894 1217 labant
921 1179 1118 1226 erroribus,
1149 1190 1193 1217 ac
1221 1179 1265 1217 de

338 1229 522 1279 Legitimo
551 1231 720 1271 discussa
747 1233 854 1271 modo
881 1232 1094 1281 plerumque
1121 1232 1291 1270 feruntur

339 1284 388 1322 In
415 1296 524 1324 casus
552 1285 662 1333 alios,
692 1297 803 1334 quam
830 1286 888 1323 lex
917 1286 1043 1332 habet,
1074 1287 1140 1323 aut
1166 1285 1236 1323 iter
1262 1285 1368 1324 anni.

340 1338 452 1376 Nunc
479 1339 664 1377 consumit
691 1339 783 1377 edax
802 1340 965 1388 segetem
983 1339 1115 1387 rubigo
1133 1339 1293 1387 maligni
1347 1339 1424 1377 975

340 1391 449 1429 Aeris
477 1403 521 1430 ex
547 1392 655 1440 vitio,
685 1404 786 1431 nunc
815 1393 962 1440 culpam
989 1404 1073 1431 vere
1099 1393 1241 1440 tepenti

340 1445 432 1483 Post
459 1446 635 1495 zephyros
663 1446 779 1494 gelidi
806 1446 945 1494 glacies
972 1445 1159 1494 aquilonis
1187 1445 1318 1492 inurit,

339 1499 634 1547 Ambustumque
661 1501 774 1548 caput
800 1499 912 1538 culmi
939 1499 1097 1548 fuligine
1123 1499 1318 1547 tinguunt.

340 1552 499 1591 Seminis
526 1554 593 1591 aut
623 1553 740 1591 teneri
770 1554 926 1601 turgens
958 1553 1045 1591 dum
1077 1553 1263 1600 germinat
1293 1552 1422 1598 herba,

341 1605 536 1644 Continuis
563 1606 760 1654 nimiisque
787 1607 883 1654 perit
909 1605 1110 1645 constricta
1136 1605 1296 1653 pruinis,
1350 1605 1426 1643 980

340 1659 420 1697 Nec
445 1659 544 1707 potis
572 1661 629 1698 est
654 1662 802 1698 tenuem
828 1659 953 1698 telluri
980 1659 1142 1708 adfigere
1170 1659 1325 1697 fibram:

341 1711 426 1751 Mox
453 1713 571 1751 eiecta
599 1712 676 1751 solo
704 1713 823 1761 glacie
853 1713 994 1752 sidente
1022 1713 1191 1760 superfit,

340 1764 525 1814 Nudaque
554 1766 733 1805 subducto
760 1766 865 1804 radix
893 1765 1068 1804 avellitur
1095 1776 1198 1803 arvo.

348 1920 393 1960 (1)
417 1920 550 1951 Priami
568 1920 710 1959 yenitor,
726 1919 895 1950 conductis
909 1920 1036 1949 moenia
1053 1918 1171 1957 fabris.
1196 1917 1369 1949 Laomedon
1384 1916 1426 1947 ni

286 1968 380 2004 filius,
404 1967 585 2005 Priamique
614 1969 702 2006 pater
718 1968 752 1998 in
766 1976 858 2006 opere
872 1967 1067 1997 conducticio
1082 1966 1258 2004 Neptunum
1281 1966 1314 1995 et
1334 1963 1426 2003 Apol-

287 2017 381 2050 linem
405 2016 444 2046 ad
465 2016 576 2046 Troiae
598 2016 721 2046 moenia
742 2024 836 2054 prope
858 2024 943 2045 mare
965 2013 1159 2045 aedificanda
1181 2013 1356 2049 κεῖνοι-ειη
1373 2010 1428 2042 sed

284 2063 417 2094 moeniis
432 2063 589 2102 perfectis,
604 2064 695 2094 fidem
711 2063 855 2101 ipsismet
875 2062 981 2093 datam
995 2061 1117 2093 fefellit.
1135 2061 1172 2093 V.
1184 2059 1426 2098 HonAr.Lyric.

289 2106 347 2148 ΙΙΙ,
371 2111 427 2141 ode
448 2111 508 2147 233
532 2112 566 2141 et
587 2111 710 2143 Homm.
733 2110 826 2144 Iliad.
849 2110 939 2148 XXI,
963 2109 1034 2142 113.
