1566 2482
311 58 324 71 ι
351 47 489 76 ,>Ᾰ’γ”-Ϋ-’,
513 59 525 62 ⁴-
560 50 605 62 -¹‘
638 56 650 66 μ

388 194 392 197 -
416 153 562 205 coni-m
588 174 783 205 srmcm
810 148 1022 205 ommam
1210 163 1288 204 219

201 287 306 326 Haec
331 286 397 325 ubi
422 286 590 335 legatus,
619 285 781 324 reddunt
812 283 1072 333 placidissima
1105 283 1263 323 fratrum

201 342 278 380 Ora
303 341 461 380 ducum:
485 339 680 388 «Scimus,
701 350 816 388 quam
843 339 895 378 sit
920 337 1088 377 Victoria
1114 338 1235 379 dulcis

199 394 389 442 Fortibus,
419 393 612 434 Ausoniae
638 392 698 432 vir
725 391 994 433 facundissime
1013 392 1183 442 linguae.

199 449 272 487 Sed
298 449 433 497 quibus
460 447 528 486 illa
554 447 690 493 modis,
711 459 787 496 qua
805 446 857 486 sit
874 445 1020 485 ratione
1038 447 1210 486 vocanda
1237 447 1288 485 20

200 502 406 541 Novimus:
437 502 508 540 hac
534 501 696 549 primum
723 511 857 549 pueros
883 501 992 548 pater
1018 500 1155 539 imbuit
1182 501 1284 539 arte:

200 556 313 595 Hanc
339 555 508 605 genitore
535 566 603 594 suo
631 554 764 593 didicit
790 565 882 603 puer
908 553 989 602 ipse
1016 554 1214 603 magistro.

200 609 288 650 Non
315 609 407 657 aris,
438 620 512 648 non
539 608 638 648 farre
665 609 785 647 molae
813 607 982 647 Victoria
1008 608 1098 647 felix

199 663 363 703 Exorata
389 663 514 702 venit:
543 663 651 702 labor
677 662 853 711 impiger,
882 665 1016 710 aspera
1040 663 1178 708 virtus,

206 717 432 764 Vis-animi,
462 716 647 755 excellens
670 717 796 763 ardor,
817 715 996 754 violentia
1012 715 1080 764 (1),
1102 727 1206 762 cura,
1237 717 1288 754 25

202 775 314 812 Hanc
339 771 526 816 tribuunt,
557 771 693 809 durum
716 769 929 809 tractandis
951 770 1062 808 robur
1088 770 1128 808 in
1157 770 1287 809 armis.

198 829 300 875 Quae
326 825 361 863 si
388 824 574 863 defuerint
598 824 843 869 bellantibus,
873 835 987 862 aurea
1011 822 1183 872 quamvis

200 882 409 919 Marmoreo
434 878 475 916 in
500 878 640 925 templo
666 878 802 916 rutilas
830 877 997 916 Victoria
1026 878 1077 926 (2)
1097 877 1237 925 pinnas

199 933 386 982 Explicet,
415 933 453 970 et
479 932 608 970 multis
635 933 769 980 surgat
794 932 956 970 formata
982 931 1163 976 talentis3

199 989 287 1027 Non
312 985 449 1032 aderit,
478 985 668 1034 versisque
696 986 837 1024 offensa
856 984 1044 1024 videbitur
1062 984 1198 1024 hastis.
1236 985 1287 1022 30

199 1041 310 1088 Quid,
340 1039 463 1087 miles,
493 1039 653 1088 propriis
680 1038 825 1078 diffisus
852 1039 1011 1085 viribus,
1041 1040 1152 1086 aptas

198 1095 313 1133 Irrita
330 1093 535 1132 foemineae
561 1093 710 1131 tibimet
737 1092 874 1131 solatia
901 1092 1066 1130 formae?

198 1150 415 1197 Numquam
442 1147 685 1195 pennigeram
710 1147 809 1195 legio
837 1146 978 1185 ferrata
1005 1145 1165 1194 puellam

199 1202 319 1249 Vidit,
349 1201 594 1240 anhelantum
620 1202 765 1250 regeret
792 1212 887 1249 quae
914 1200 991 1238 tela
1018 1199 1196 1238 virorum.

201 1255 544 1304 Vincendiquaeris
559 1254 766 1293 dominam?
782 1266 852 1292 sua
861 1254 994 1302 cuique
1009 1254 1139 1292 dextra
1153 1254 1210 1292 est
1219 1253 1286 1300 (3),

200 1310 250 1348 Et
269 1310 370 1348 Deus
387 1309 644 1357 omnipotens:
666 1319 742 1347 non
759 1319 851 1356 pexo
870 1308 971 1347 crine
989 1307 1135 1356 virago,
1220 1304 1287 1357 [35

198 1364 278 1401 Nec
304 1363 404 1401 nudo
431 1374 615 1411 suspensa
642 1363 749 1410 pede,
771 1362 1009 1410 strophioque
1035 1361 1200 1400 recincta
1217 1361 1285 1409 (4),

213 1503 259 1543 (1)
281 1504 452 1539 violentia,
473 1512 566 1534 cura.
588 1503 670 1533 Pene
692 1510 798 1532 ori-nes
819 1502 889 1534 cod.
911 1510 955 1532 m.
971 1510 1014 1532 ss.
1031 1502 1066 1532 et
1086 1501 1213 1537 Herus„
1237 1501 1288 1531 cui

147 1548 255 1577 tamen
275 1546 309 1576 in
331 1545 475 1576 adnotat.
497 1545 598 1581 magis
613 1544 717 1582 placet
737 1553 807 1575 cum
829 1544 1049 1575 Cunarum).
1079 1543 1289 1581 vigilantiae,

151 1597 266 1668 cmg).
284 1629 429 1660 Victoria
447 1629 573 1667 pinnas
588 1627 750 1666 Explicet.
768 1626 926 1657 Victoriae
939 1625 1139 1656 simulacrum
1155 1625 1288 1656 Romani

153 1671 342 1708 effingebant
353 1671 533 1709 pinnatum,
543 1669 623 1700 lauri
636 1677 746 1699 corona
756 1669 948 1704 redimitum,
957 1668 1158 1699 alteramanu
1169 1667 1290 1706 palmae

149 1722 280 1748 ramum,
305 1713 404 1742 altera
435 1712 521 1742 oleae
541 1710 779 1750 praeferentem.
803 1711 970 1741 Pinnatam
993 1718 1064 1740 vero
1079 1711 1113 1741 et
1137 1710 1286 1747 aligeram

149 1754 426 1793 repraesentabant
446 1755 606 1790 tamquam
620 1762 637 1784 e
652 1754 737 1784 caelo
751 1752 790 1782 ad
804 1761 856 1783 eos
870 1752 1118 1788 descendentem,
1135 1760 1210 1788 quos
1223 1751 1288 1781 suis

149 1796 244 1827 vellet
258 1804 406 1826 exornare
419 1795 632 1832 successibus;
648 1803 726 1833 pexo
739 1795 827 1826 crine
848 1794 989 1831 nudoque
1003 1794 1080 1832 pede
1093 1802 1286 1832 suspensam,

147 1837 300 1876 strophiis
321 1838 507 1872 revinctam,
530 1838 604 1867 sinu
623 1836 722 1867 vestis
742 1836 901 1867 fluitante.
923 1835 959 1867 V.
976 1836 1120 1867 vannos.
1137 1836 1174 1866 L.
1191 1835 1228 1864 L.
1244 1834 1287 1865 X.

212 1879 259 1919 (3)
279 1889 343 1910 sua
363 1880 480 1918 casque
499 1879 618 1909 dextra
650 1881 710 1909 est.
738 1878 902 1909 Translate
922 1878 1060 1908 dextera
1088 1886 1143 1916 pro
1171 1885 1287 1913 magna

149 1922 179 1951 vi
209 1923 378 1960 usurpatur
405 1924 439 1952 et
459 1922 493 1951 in
514 1920 620 1951 Sacris
649 1920 801 1956 Litteris;
831 1928 888 1959 pro
910 1920 1031 1950 virtute
1058 1919 1206 1950 militari.
1236 1918 1288 1948 Ita

150 1964 300 1993 Harusrvs
314 1972 383 1993 cum
404 1962 681 2001 prestantior-ibus.
704 1963 828 2001 cuique
847 1962 1015 2000 usurpatur
1035 1959 1185 1991 dactilico
1212 1959 1288 1998 pede

149 2006 181 2035 in
202 2006 327 2041 nostro,
357 2006 395 2035 ut
416 2005 447 2034 in
469 2005 506 2036 L.
528 2004 558 2041 Ι,
579 2003 642 2035 286
663 2003 787 2035 eontra
808 2003 980 2043 Symm.et
999 2002 1182 2039 Humartig.
1207 2002 1280 2033 105.

211 2047 258 2086 (4)
279 2045 487 2086 strophioque
495 2046 651 2076 recincta.
667 2045 819 2077 Hnmsrvs
833 2045 872 2076 ad
883 2045 976 2076 haec:
1000 2055 1019 2074 ‹
1033 2043 1160 2076 codices
1173 2043 1286 2075 nostri.

149 2099 167 2116 «
189 2088 248 2119 Sed
270 2089 417 2118 revincta
439 2089 472 2118 in
493 2087 678 2119 clvcmmo
691 2108 702 2123 ,
732 2089 767 2118 et
787 2086 973 2118 Wcitzianis
1000 2086 1171 2125 plerisque:
1202 2086 1284 2123 quod

149 2142 166 2159 κ
190 2131 340 2168 praesunt.
365 2131 444 2160 Nam
467 2129 551 2159 aliud
573 2129 647 2166 quid
669 2129 813 2167 designat
825 2129 974 2167 rece'nffl'?
997 2129 1069 2159 Stat
1082 2135 1116 2159 et
1130 2136 1184 2167 pro
1199 2127 1287 2158 nobis
