1566 2482
406 184 552 220 comm
578 166 773 218 snnhcm
788 169 1015 219 omnem
1202 172 1280 211 253

162 330 165 331 ν
197 301 265 341 Nil
289 302 328 340 te
354 298 566 349 permoveat
591 296 723 346 magni
749 307 820 335 vox
845 295 1020 342 rhetoris,
1046 305 1113 333 oro
1141 292 1217 344 (1),

197 355 268 403 Qui
295 355 364 393 sub
389 352 508 402 legati
535 350 656 399 specie
683 361 791 389 sacra
818 350 964 388 mortua
990 349 1157 398 plorans,
1204 347 1280 386 760

199 407 351 457 Ingenii
376 406 463 445 telis
490 406 529 444 et
554 404 661 443 fandi
688 403 831 442 viribus
858 403 985 449 audet,

199 463 304 502 Heu!
336 462 504 500 nostram
533 460 678 498 tentare
706 457 845 496 fidem:
875 468 944 495 nec
970 458 1007 495 te
1034 455 1137 494 videt
1162 466 1206 493 ac
1225 466 1283 492 me

199 517 373 562 Devotos,
404 514 589 562 Auguste,
620 513 720 551 Deo:
742 510 804 550 cui
831 510 981 549 sordida
1007 509 1147 557 templa

198 569 424 615 clausimus,
454 568 491 606 et
518 566 690 605 madidas
718 565 822 604 sanie
850 564 1050 602 deiecimus
1078 574 1178 602 aras,

198 623 304 662 Unus
330 623 459 660 nostra
475 621 584 669 regat
611 620 802 667 servetque
822 617 965 666 palatia
993 616 1179 663 Christus,
1204 616 1282 655 765

201 678 259 716 Ne
289 675 373 725 quis
399 675 598 714 Romuleas
626 674 782 711 daemon
809 672 886 710 iam
912 670 1057 717 noverit
1084 682 1203 718 arces,

197 730 267 769 Sed
285 729 364 768 soli
390 728 495 777 pacis
523 726 682 766 Domino
709 737 791 764 mea
820 725 959 764 serviat
986 724 1088 763 aula.

147 785 208 824 Sic
234 783 364 821 adfata
389 782 470 831 pios
498 783 617 820 Roma
644 779 810 819 exoravit
837 779 1023 825 alumnos,

200 839 376 886 Spernere
402 836 568 884 legatum
594 845 671 872 non
699 833 931 871 admittenda
957 832 1158 881 petentem,

201 892 382 939 Legatum
400 890 504 928 Iovis
522 900 567 927 ex
594 887 719 937 adytis
737 888 786 925 ab
813 886 982 935 aruspice
999 885 1155 924 missum
1175 899 1183 922 :
1209 883 1285 922 770

203 946 255 983 At
281 955 357 982 non
384 955 408 981 a
434 942 579 991 patria3
610 941 754 989 patriae
781 952 870 979 nam
897 939 1018 989 gloria
1045 939 1230 983 Christus,

204 997 377 1036 Persistit
402 997 530 1034 tamen
557 995 777 1041 adfirmans,
808 994 878 1032 iter
904 1005 984 1032 esse
1013 992 1140 1031 viandi
1173 991 1232 1040 (2)

199 1051 428 1091 Multifidum
447 1050 662 1097 variumque
683 1049 784 1086 Deus
812 1059 927 1095 quum
955 1046 1146 1095 quaeritur
1173 1056 1285 1083 unus,

202 1105 303 1144 Hinc
330 1103 440 1150 alios,
471 1105 532 1142 ast
549 1102 637 1140 inde
655 1102 749 1140 alios
768 1112 964 1149 properare
983 1099 1135 1139 seorsim
1191 1097 1286 1149 [775

199 1160 386 1206 Quemque
405 1169 469 1205 per
488 1156 680 1194 anfractus
694 1155 886 1204 proprios;
905 1155 969 1193 sed
988 1153 1149 1201 compita
1162 1152 1285 1191 eodem

199 1213 290 1251 Fine
317 1210 492 1257 coartari,
524 1210 636 1248 simul
663 1211 702 1247 et
729 1220 944 1247 concurrere
973 1208 1014 1246 in
1042 1218 1172 1245 unum.

199 1265 297 1312 Quin
312 1265 426 1303 etiam
445 1264 588 1303 caelum
603 1264 714 1311 atque
729 1262 863 1309 solum,
879 1263 1026 1308 ventos,
1043 1259 1286 1307 mare,nubes

205 1318 388 1358 Omnibus
416 1318 456 1356 in
485 1328 677 1356 commune
707 1316 804 1363 dari,
834 1316 893 1354 vel
921 1315 986 1364 qui
1012 1315 1168 1354 colimus
1194 1314 1246 1358 te,

203 1372 361 1419 Christe,
391 1371 451 1410 vel
479 1373 564 1409 exta
590 1370 706 1408 litant
733 1369 889 1418 sculptis
921 1369 986 1418 qui
1011 1367 1141 1407 tabida
1169 1365 1284 1405 saxis.

153 1428 236 1465 Non
264 1437 359 1473 nego
386 1436 617 1464 communem
645 1423 790 1462 cunctis
819 1423 1032 1461 viventibus
1059 1433 1169 1460 usum
1212 1419 1287 1457 780

205 1479 327 1526 Aeris,
357 1479 555 1524 astrorum,
584 1477 726 1525 pelagi,
755 1476 900 1515 telluris
928 1478 966 1514 et
992 1476 1135 1514 imbris.

203 1533 323 1571 Immo
349 1531 462 1569 etiam
490 1531 654 1569 iniustus
681 1530 834 1578 pariter,
865 1529 1058 1577 iustusque
1087 1529 1156 1567 sub
1184 1538 1259 1565 uno

206 1587 286 1624 Axe
313 1584 503 1631 habitant,
533 1595 630 1622 unas
657 1583 759 1631 capit
786 1582 921 1630 impius
949 1584 986 1620 et
1013 1582 1097 1630 pius
1125 1593 1259 1620 auras:

208 1640 341 1677 Castus
369 1639 407 1676 et
433 1638 611 1684 incestus,
642 1636 811 1675 meretrix
839 1637 877 1674 et
903 1637 1043 1684 nupta:
1075 1647 1142 1674 neo
1171 1635 1265 1673 alter

206 1693 277 1731 Ore
305 1691 521 1738 sacerdotis,
552 1702 663 1739 quam
691 1689 930 1728 mirmillonis
959 1689 1113 1727 anhelat
1214 1690 1290 1728 785

206 1745 364 1794 Spiritus
392 1744 469 1795 (3),
500 1745 599 1783 aerio
627 1744 745 1782 vitam
773 1743 837 1792 qui
864 1745 1046 1791 temperat
1072 1743 1225 1781 haustu.

216 1845 262 1883 (l)
285 1853 346 1874 vot
359 1844 515 1876 rhetoris.
531 1844 706 1874 Discrimen
720 1844 805 1873 mter
819 1843 973 1874 rhetorem
989 1843 1023 1873 et
1036 1844 1189 1874 oratorem
1204 1852 1293 1874 nemo

155 1888 204 1916 hic
227 1895 285 1916 non
308 1886 411 1921 videt:
435 1887 469 1916 et
488 1885 692 1924 Symmachus
714 1884 821 1915 rhetor
842 1885 965 1923 proprie
986 1886 1067 1915 erat.

216 1927 265 1968 (2)
289 1927 353 1958 iter
371 1937 438 1958 esse
459 1927 588 1960 viandi,
604 1927 673 1963 Vio,
691 1935 736 1962 as,
753 1935 825 1962 ιιι-ος
850 1927 976 1957 italice:
1006 1926 1223 1962 comminare,
1237 1927 1295 1964 far

159 1971 224 2000 vict.
236 1970 370 2000 Verbum
389 1970 518 2000 minime
534 1969 636 2008 placet
658 1969 865 2007 Quintiliano
880 1969 977 2007 (vlu,
994 1968 1048 2004 VI,
1072 1968 1124 1999 33.
1148 1977 1166 1998 a
1182 1968 1293 2006 med.)‚

151 2012 204 2042 sed
216 2012 318 2049 poetis
338 2011 672 2042 Christianisinoculis
694 2010 767 2041 suit.
783 2010 819 2040 V.
842 2011 951 2040 Ivvmv.
984 2009 1060 2044 c.1,
1086 2009 1162 2044 1543
1180 2009 1293 2042 Arcu.

154 2060 198 2090 ad
214 2060 326 2089 Soror.
349 2058 429 2094 46&
452 2059 549 2090 Prud.
572 2051 725 2099 Καθημ.
752 2058 789 2094 V,
812 2058 865 2088 65.
885 2058 1006 2087 Contra
1022 2057 1146 2095 Symm.
1164 2057 1204 2094 11,
1220 2057 1293 2087 772.

219 2100 264 2139 (3)
287 2110 386 2140 quam
410 2101 627 2131 mirmillonis
640 2100 775 2130 anhelat
795 2100 957 2138 Spiritus.
975 2098 1124 2128 Mirmillo
1145 2100 1202 2128 aut
1221 2099 1294 2128 mir-

156 2142 266 2179 millio,
289 2143 476 2179 gladiatoris
491 2152 600 2179 genus,
616 2142 695 2179 quod
710 2150 779 2172 cum
802 2141 920 2171 'l'hrece
934 2142 990 2171 aut
1003 2141 1146 2171 Retiario
1161 2148 1296 2179 pugnam
