1566 2482
265 215 340 255 142
644 225 794 254 Avnum
821 224 1021 252 annmwrn

240 336 454 385 ‚Turpiterz
485 331 577 373 heu!
611 334 749 372 dextris
775 333 1042 382 languentibus
1075 331 1341 381 obstupefacti,

261 392 359 430 Dum
386 400 532 428 currum
562 388 667 426 varia
694 398 926 437 gemmarum
951 386 1032 425 luce
1060 385 1257 425 micantem
1344 405 1346 407 >

261 444 463 490 Mirantur,
495 443 581 480 dum
609 441 806 480 bracteolis
836 439 894 490 (1)
923 439 1146 488 crepitantia
1173 439 1268 487 lora,
1326 440 1403 479 335

261 499 310 537 Et
338 496 455 535 solido
482 508 526 534 ex
553 507 643 533 auro
671 494 822 543 pretiosi
849 494 1023 542 ponderis
1051 505 1156 532 axem

262 551 403 590 Defixis
430 549 582 588 inhiant
611 548 816 594 obtutibus,
848 548 885 585 et
911 547 1113 594 radiorum,

260 605 430 654 Argento
457 603 643 642 albentem
672 602 817 648 seriem,
849 612 960 649 quam
988 612 1133 639 summa
1159 602 1324 639 rotarum

260 659 418 697 Flexura
446 656 572 696 electri
601 656 659 706 (2)
689 654 865 704 pallentis
893 654 1058 693 centinet
1086 655 1186 693 orbe.

260 714 310 751 Et
338 712 414 750 iam
442 712 577 749 cuncta
605 710 704 748 acies
731 708 771 747 in
801 708 999 746 deditionis
1028 719 1190 746 amorem
1325 707 1403 746 340

259 767 396 814 Sponte
426 776 493 803 sua
521 763 639 802 versis
666 761 854 801 transibat
881 762 1021 809 perfida
1050 761 1188 810 signis,

260 818 446 859 Luxuriae
474 818 609 856 servire
638 816 782 862 volens,
814 815 1056 864 dominaeque
1085 814 1237 854 fluentis

259 875 348 912 Iura
375 871 469 920 pati,
500 872 537 909 et
563 871 651 908 laxa
678 881 883 919 ganearum
911 869 992 918 lege
1020 869 1154 907 teneri.

259 925 452 976 Ingemuit
478 926 556 963 tam
585 924 691 963 triste
720 922 826 962 nefas
854 922 1058 961 fortissima
1085 922 1222 972 virtus,

259 980 445 1019 Sobrietas
474 979 601 1016 dextro
630 978 748 1016 socios
776 977 947 1015 decedere
975 987 1105 1022 cornu,
1324 977 1401 1014 345

258 1034 518 1081 Invictamque
546 1043 698 1070 manum
726 1031 913 1079 quondam
941 1031 1021 1068 sine
1048 1029 1159 1068 caede
1186 1029 1319 1077 perire.

257 1087 444 1126 Vexillum
473 1085 628 1124 sublime
659 1083 801 1130 Crucis,
834 1083 931 1132 quod
958 1084 997 1122 in
1027 1083 1176 1131 agmine
1203 1083 1322 1131 primo

256 1141 340 1179 Dux
367 1141 465 1180 bona
493 1139 739 1187 praetulerat,
771 1137 892 1176 defixa
917 1137 1068 1185 cuspide
1098 1136 1213 1183 sistit,

256 1194 526 1242 Instauratque
552 1193 669 1231 levem
700 1191 810 1230 dictis
837 1190 1072 1229 mordacibus
1099 1190 1213 1237 alam,

254 1247 514 1287 Exstimulans
541 1246 687 1284 animos
705 1256 806 1283 nunc
826 1244 985 1292 probris,
1009 1256 1109 1283 nunc
1128 1255 1234 1292 prece
1255 1242 1372 1281 mixta
1388 1258 1396 1281 :

256 1375 307 1382 -
338 1368 360 1390 «
389 1353 479 1400 Quis
508 1353 608 1391 furor
636 1352 793 1391 insanas
821 1351 943 1400 agitat
970 1350 1132 1399 caligine
1161 1295 1332 1388 mentes[?

255 1408 332 1454 Quo
361 1407 498 1446 ruitis?
525 1406 585 1445 cui
613 1406 710 1445 colla
738 1405 865 1443 datis?
884 1417 977 1453 quae
1005 1404 1157 1443 vincula
1183 1404 1347 1455 tandem,

255 1461 355 1499 Proh
382 1461 514 1508 pudor,
546 1459 742 1508 armigeris
767 1470 869 1498 amor
897 1461 954 1496 est
979 1458 1138 1506 perferre
1165 1457 1330 1504 lacertis,

253 1514 353 1553 Lilia
380 1513 529 1553 luteolis
557 1513 822 1551 interlucentia
848 1512 973 1558 sertis,

253 1569 303 1606 Et
331 1567 541 1617 ferrugineo
569 1568 769 1605 vernantes
798 1566 885 1604 flore
913 1568 1092 1605 coronas!
1321 1565 1398 1603 355

254 1621 327 1660 His
354 1621 477 1670 placet
504 1621 680 1659 adsuetas
709 1620 805 1658 bello
834 1619 909 1658 iam
929 1619 1073 1658 tradere
1093 1618 1240 1667 palmas

317 1788 362 1826 (1)
384 1787 568 1817 bracteolis.
594 1786 769 1822 Bracteola,
790 1795 808 1816 a
836 1787 974 1822 bractea,
998 1787 1048 1815 est
1062 1794 1159 1823 parva
1175 1785 1338 1821 tenuisque
1354 1784 1396 1814 la-

256 1831 340 1861 mina
361 1838 399 1859 ex
422 1828 561 1864 metallo,
585 1828 686 1858 aliave
701 1828 847 1864 materia,
863 1836 941 1864 quae
965 1827 1059 1856 alicui
1075 1827 1119 1857 rei
1134 1826 1394 1864 superinducitur.

254 1871 384 1903 Videtur
399 1879 458 1900 vox
473 1879 492 1900 a
506 1878 615 1907 graeco
639 1868 777 1915 βράχειν
799 1870 956 1905 derivata,
975 1869 1056 1905 quod
1078 1869 1239 1898 bracteam
1254 1868 1281 1898 si
1304 1875 1396 1898 manu

253 1919 439 1954 contrectes,
462 1919 518 1948 aut
537 1918 564 1947 si
588 1927 656 1948 earn
681 1918 790 1947 ventus
825 1917 965 1947 decutiat
985 1939 992 1953 ‚
1030 1916 1167 1955 plicatur
1187 1917 1220 1946 et
1235 1914 1397 1953 quemdam

253 1961 406 1998 crepitum
429 1960 507 1990 edit.
535 1960 569 1989 V.
594 1960 686 1991 Viuo.
712 1961 795 1990 Aen.
818 1959 872 1994 VI,
895 1959 968 1988 209.

316 2002 360 2040 (⁴2)
384 2002 520 2032 Electri.
542 2001 701 2032 Electrum
725 2001 885 2031 metallum
910 1999 1086 2035 facticium,
1109 1999 1191 2036 quod
1213 1999 1325 2036 quinta
1346 2007 1396 2029 ar·

252 2043 338 2077 genti
352 2044 440 2081 parte
463 2052 538 2074 auro
560 2043 728 2081 permixta,
741 2043 906 2073 conflatur.
920 2042 951 2072 Si
970 2042 1070 2071 otium
1089 2041 1146 2071 tibi
1171 2041 1266 2071 inerit
1279 2039 1330 2071 adi
1356 2039 1397 2070 ad

253 2083 343 2116 ΡιιΝ,
358 2085 478 2114 Mmon.
492 2085 532 2116 H.
547 2084 584 2116 N.
600 2084 749 2120 XXXIII,
773 2084 852 2116 423:
876 2084 909 2114 et
929 2084 1094 2122 Ismoavu,
1106 2083 1178 2113 XVI
1193 2082 1322 2122 Oriye'u.
1339 2081 1393 2112 24.

252 2124 460 2198 ΒῗΙῗθΠὶιὲἑᾶο
473 2126 529 2156 hoc
544 2126 670 2156 metallo
686 2126 810 2156 Vnum..
831 2125 926 2156 Geor.
942 2124 1000 2161 111,
1017 2125 1077 2155 522
1092 2125 1247 2165 loquitur3
1264 2125 1297 2155 et
1310 2123 1394 2154 Aen.

332 2190 339 2204 ‚
431 2190 438 2203 .
463 2169 537 2198 626.

1560 2003 1566 2010 .
1559 1942 1566 1952 2
1560 1918 1566 1927 -
1559 1810 1566 1903 ...ὤ-..-
1564 1783 1566 1787 .
