1566 2482
281 138 331 177 18
662 150 814 178 AvRELn
842 150 1044 178 PRVDENTII

279 268 348 305 Est
374 265 636 314 impassibilis3
677 264 852 313 quoniam
879 265 1015 303 natura
1030 264 1192 315 ‘superni

278 320 387 369 Ignis
415 320 463 358 ad
490 318 681 358 horrificas
709 318 827 356 nescit
854 318 1070 357 descendere
1097 330 1250 367 poenas,
1369 321 1418 359 85

278 375 358 412 Nec
386 373 487 421 capit
510 373 687 410 humanis
716 371 917 420 angoribus
945 371 1144 411 excruciari
1165 371 1240 422 (1),

278 429 378 466 Pura
408 427 483 476 (2),
505 438 648 472 serena,
679 425 823 463 micans
837 455 846 472 ,
874 425 1016 473 liquido
1042 425 1246 474 praelibera
1273 428 1390 474 motu,

215 512 218 515 .
277 481 431 518 Subdita
458 492 525 518 nec
553 479 739 527 cuiquam,
771 478 995 518 dominatrix
1020 481 1149 527 utpote
1175 491 1320 519 rerum:

279 534 346 572 Cui
374 545 448 572 non
477 532 698 580 principium
727 532 771 570 de
798 533 974 580 tempore,
1005 533 1069 571 sed
1096 545 1205 582 super
1233 544 1339 572 omne

277 588 450 635 Tempus,
472 588 508 624 et
527 587 613 624 ante
633 586 729 624 diem
747 585 922 624 maiestas
941 598 1025 624 cum
1044 587 1155 625 Patre
1173 598 1331 635 summo,
1367 588 1418 627 90

277 642 395 679 Immo
423 640 570 678 animus
599 639 736 687 Patris,
759 640 795 678 et
821 639 931 686 ratio,
957 641 994 678 et
1021 639 1082 678 via
1109 640 1362 688 consiliorum,

277 696 376 740 Quae
405 705 480 731 non
508 693 608 732 facta
635 705 764 740 manu,
795 705 862 731 nec
890 704 976 731 voce
1005 695 1128 731 creata
1155 693 1334 742 iubentis,

278 747 438 785 Protulit
465 747 656 795 imperium
683 747 802 794 patrio
829 747 976 785 ructata
1004 747 1064 795 (3)
1086 747 1282 797 profundo.

277 802 387 839 Hanc
413 800 530 849 igitur
557 811 632 839 non
659 800 779 849 flagra
807 801 948 847 secant,
980 811 1054 837 non
1083 801 1194 848 sputa
1221 800 1353 840 salivis

276 855 532 902 Adspergunt,
564 853 684 902 alapis
713 865 788 892 non
816 855 926 892 vexat
952 853 1078 901 palma
1104 853 1226 892 relisis
1248 883 1257 901 ‚
1368 855 1418 892 95

277 909 356 946 Nec
383 907 550 955 perfossa
577 907 675 946 cruci
703 908 890 946 clavorum
919 907 1074 945 vulnera
1100 907 1237 956 figunt.

277 961 349 999 His
373 961 518 1000 adfecta
536 972 620 999 caro
640 962 696 998 est
714 960 889 1007 hominis,
912 972 1023 1008 quam
1050 960 1188 998 femina
1206 972 1418 1009 praegnans

276 1015 398 1053 Enixa
425 1015 482 1052 est
509 1015 578 1052 sub
604 1014 686 1062 lege
714 1014 823 1060 uteri,
855 1013 935 1052 sine
964 1013 1045 1062 lege
1074 1014 1212 1052 mariti.

277 1069 346 1107 Ille
375 1068 511 1106 famem
537 1067 693 1116 patitur,
725 1067 774 1105 fel
801 1068 919 1115 potat,
951 1068 987 1105 et
1014 1067 1140 1106 haurit
1167 1068 1334 1106 acetum:

277 1122 347 1160 Ille
375 1122 486 1170 pavet
512 1121 641 1160 mortis
669 1121 815 1168 faciem,
845 1121 970 1159 tremit
997 1120 1059 1159 ille
1088 1121 1263 1159 dolorem.
1341 1120 1417 1159 100

277 1175 412 1222 Dicite,
444 1175 616 1223 sacrilegi
645 1174 839 1222 doct01·es,'
855 1174 919 1222 qui
947 1175 1058 1212 Patre
1087 1186 1230 1213 summo

277 1230 470 1267 Desertum
497 1228 654 1267 iacuisse
680 1229 855 1266 thronum
882 1227 1119 1275 contenditis,
1150 1228 1214 1266 illo

277 1284 466 1330 Tempore,
497 1293 568 1330 quo
596 1281 750 1330 fragiles
778 1282 882 1320 Deus
909 1283 966 1320 est
992 1281 1162 1329 inlapsus
1189 1281 1231 1319 in
1259 1281 1398 1333 artusj

277 1337 377 1384 Ergo
405 1337 516 1374 Pater
543 1336 706 1384 passus?
735 1335 823 1384 quid
850 1346 925 1373 non
953 1335 1075 1372 malus
1102 1335 1238 1373 audeat
1265 1337 1416 1373 error!-
1430 1346 1531 1372 *urm

277 1391 363 1436 Ipse
391 1389 547 1437 puellari
575 1389 771 1437 conceptus
799 1388 981 1437 sanguine
1009 1388 1146 1427 crevit!
1340 1387 1415 1426 105

278 1444 363 1491 Ipse
392 1443 616 1481 verecundae
644 1442 822 1480 distendit
849 1442 1018 1491 Virginis
1047 1442 1171 1480 alvum
1186 1444 1204 1479 ἱ)

321 1572 368 1612 (1)
391 1582 448 1602 nec
469 1572 566 1611 capit.
588 1572 664 1610 Capi
694 1580 730 1602 ea
751 1571 917 1608 dicuntur,
941 1580 1019 1608 quae
1047 1572 1079 1601 in
1106 1571 1245 1601 nostram
1272 1571 1416 1601 naturam

278 1615 335 1644 aut
356 1615 437 1644 vires
459 1615 587 1645 cadunt.
610 1614 731 1645 Transl.
751 1613 803 1644 hic
824 1614 947 1644 noster:
971 1613 1038 1642 Nec
1058 1614 1149 1652 capit
1170 1613 1327 1642 humanis
1353 1613 1415 1644 ete.

278 1657 360 1694 Quae
383 1665 466 1686 more
482 1657 589 1687 nostro
618 1656 814 1685 diceremus:
844 1664 909 1685 non
924 1654 994 1693 pub
1015 1656 1100 1693 fare,
1125 1663 1190 1684 non
1207 1654 1276 1693 pud
1298 1663 1415 1692 essere,

278 1698 333 1726 che
348 1698 410 1728 ete.
439 1698 565 1728 Graeci:
593 1697 631 1730 τὸ
658 1695 846 1743 ὲνδὲχεθαι.
859 1697 897 1727 V.
911 1696 1008 1727 Pan.
1022 1697 1099 1728 Non.
1112 1695 1169 1733 IX,
1186 1697 1243 1732 22;
1261 1697 1416 1731 Tnnrvm..

279 1745 328 1775 De
351 1744 502 1775 Pudicit.
529 1745 558 1777 1,
583 1745 639 1774 sub
661 1745 729 1780 fin.‚
754 1745 806 1774 ubi
832 1744 1011 1775 Selom’ivm.

322 1785 372 1826 (2)
396 1786 505 1822 Pura,
530 1793 658 1821 serena,
683 1787 822 1816 micans.
846 1786 920 1817 Scil.
944 1786 1000 1816 Dei
1021 1791 1144 1816 natura.

321 1827 368 1866 (3)
391 1830 533 1858 ructata.
557 1826 693 1857 Ructare
716 1829 748 1857 et
777 1828 919 1858 eructare
945 1827 1060 1858 transl.
1083 1828 1133 1857 est
1153 1826 1315 1862 emittam
1338 1835 1417 1857 non-

279 1869 434 1906 nullisque
455 1869 587 1899 habetur
608 1870 768 1905 tamquam
786 1869 966 1907 metaphora
987 1869 1143 1903 humilior,
1160 1869 1194 1898 et
1214 1867 1344 1907 plebeia.
1360 1867 1418 1899 At-

278 1912 385 1941 tamen
421 1910 459 1944 τό
487 1907 689 1956 ὲρεύγεσθαι
719 1911 882 1941 Homerico
904 1911 1088 1950 respondem
1114 1919 1212 1948 neque
1233 1918 1308 1940 sane
1335 1910 1417 1949 apud

278 1958 432 1988 Romanos
454 1959 653 1988 inhonestum
669 1958 796 1987 verbum
812 1957 907 1988 fuisse
923 1959 1062 1988 testatur
1076 1959 1187 1988 VARRO
1202 1957 1241 1988 de
1254 1958 1302 1988 Re
1317 1957 1415 1988 Rust.

252 2010 254 2013 ·
279 2000 338 2036 111,
361 2000 393 2036 2,
417 1999 447 2030 3.
473 1998 662 2030 Christianis
683 2000 768 2029 certe
789 1999 996 2037 scriptoribus
1018 2001 1162 2030 arrisisse
1184 1999 1275 2030 docet
1298 1999 1415 2030 Gonu.

279 2041 470 2072 Hamaecws
491 2041 523 2070 in
539 2049 629 2080 opere
644 2040 869 2077 eruditissimo,
886 2041 934 2070 cui
950 2041 1081 2078 titulus;
1097 2041 1325 2071 Fundamenta
1340 2040 1418 2071 scili

279 2083 442 2120 cultioris,
465 2082 553 2113 Pars.
579 2082 608 2113 1.
631 2091 699 2120 cap.
722 2082 754 2113 2.
