1566 2482
315 151 394 191 210
695 138 857 191 nuum
871 158 1073 191 annau'rn

370 273 494 320 Atque
521 283 638 310 unum
665 271 819 319 sapiunt
845 271 986 319 plures,
1014 271 1127 310 simul
1153 284 1198 311 ac
1221 271 1399 320 potiores.

369 325 525 374 Respice
552 325 601 363 ad
636 325 848 371 inlustrem,
887 325 952 364 lux
988 326 1047 364 est
1073 325 1137 364 ubi
1176 326 1344 374 publica,
1379 327 1452 366 cel-

1281 391 1343 418 am
1364 379 1423 429 (1)
1440 395 1449 419 :

366 434 441 473 Vix
466 444 588 483 pauca
613 431 809 471 inveniens
836 431 1043 481 gentilibus
1069 431 1191 471 obsita
1217 378 1331 483 nglgig
1375 434 1452 474 575

365 486 546 537 Ingenia,
577 485 734 524 obtritos
761 497 872 534 aegre
898 485 1102 524 retinentia
1127 486 1266 533 cultus,

365 542 415 580 Et
441 541 576 589 quibus
603 540 753 578 exactas
781 539 928 587 placeat
954 551 1102 578 servare
1127 540 1318 587 tenebras,
1553 551 1566 568 ⁴

365 594 700 642 splendentemque
728 592 785 631 die
813 592 934 631 medio
960 603 1037 631 non
1064 604 1213 632 cernere
1240 594 1371 633 solem.

369 648 461 686 Post
474 647 563 685 hinc
573 643 623 684 ad
631 646 806 694 populum
821 647 992 685 converte
1003 646 1143 693 oculos,
1154 647 1268 694 quota
1280 659 1368 695 pars
1379 648 1452 694 est,

370 702 470 748 Quae
496 700 600 739 Iovis
618 699 795 738 infectam
814 699 918 738 sanie
937 710 1012 738 non
1031 699 1188 747 despuat
1214 702 1346 739 aram?
1373 701 1451 739 580

369 754 501 794 Omnis
529 753 593 802 qui
619 753 720 792 celsa
747 753 896 792 scandit
922 753 1123 791 coenacula
1149 753 1287 802 vulgus
1321 754 1395 804 (2),

366 808 508 856 Quique
535 806 623 845 terit
650 806 792 844 silicem
819 806 934 845 variis
963 806 1192 845 discursibus
1219 807 1356 854 atram,

366 863 416 900 Et
443 872 552 909 quem
578 859 689 908 panis
717 859 787 898 alit
814 859 993 909 gradibus
1022 859 1218 908 dispensus
1245 860 1294 899 ab
1320 860 1424 908 altis,

367 916 445 954 Aut
473 914 657 952 Vaticano
684 913 870 952 tumulum
898 914 968 952 sub
994 915 1118 951 monte
1145 913 1372 962 frequentat,

369 970 448 1014 Quo
462 967 557 1006 cinis
571 966 634 1005 ille
652 966 745 1005 latet
762 967 941 1015 genitoris
960 966 1132 1005 amabilis
1152 967 1210 1015 (3)
1224 967 1346 1013 obses3
1368 967 1445 1005 585

369 1021 541 1061 Coetibus
568 1022 634 1059 aut
660 1020 809 1068 magnis
835 1021 1041 1059 Lateranas
1067 1020 1183 1058 currit
1210 1021 1258 1058 acl
1285 1021 1409 1067 aedes,

364 1075 472 1114 Vnde
500 1085 646 1113 sacrum
672 1073 807 1112 referat
827 1074 886 1123 (4)
906 1073 1025 1122 regali
1053 1073 1255 1112 chrismate
1274 1074 1444 1123 signum.

377 1182 421 1220 (1)
442 1182 575 1219 Respice
585 1180 629 1210 ad
643 1180 863 1212 inlustrem...
876 1180 1002 1211 cellam.
1016 1179 1070 1209 Vel
1087 1179 1126 1209 ad
1147 1180 1289 1210 senatum
1304 1179 1356 1210 hic
1378 1189 1446 1218 spe-

311 1224 394 1260 ctat,
409 1223 459 1254 vel
479 1223 519 1253 ad
533 1223 628 1252 alium
649 1222 762 1258 locum,
778 1230 837 1259 quo
852 1222 934 1252 cives
950 1221 1151 1251 convenirent
1161 1229 1298 1252 seorsum
1313 1222 1350 1252 de
1360 1223 1451 1253 rebus
1529 1228 1547 1243 Φ

312 1266 445 1304 publicis
467 1265 666 1295 disserentes.

378 1307 425 1346 (2)
447 1307 576 1342 Omnis,
592 1306 651 1345 qui
665 1305 749 1335 celsa
769 1305 901 1335 scandit
916 1304 1087 1334 coenacula
1110 1304 1241 1343 vulqus.
1263 1304 1450 1335 'tenuiorum

315 1349 455 1379 conditio
479 1348 528 1378 hic
548 1347 684 1378 breviter
705 1347 743 1377 ob
765 1346 870 1376 oculos
890 1347 978 1376 nobis
998 1346 1098 1384 ponit,
1122 1346 1176 1382 qui
1197 1346 1231 1376 in
1252 1346 1328 1377 altis
1341 1354 1449 1377 coena-

313 1391 394 1420 culis
414 1390 610 1426 habitarent,
631 1397 710 1426 quae
731 1396 786 1418 nos
804 1388 963 1425 subalpini
988 1388 1108 1425 sortitio
1135 1387 1318 1419 diceremus.
1339 1388 1450 1419 Istius-

311 1432 395 1461 modi
409 1432 565 1462 esuriones
577 1430 707 1469 pedibus
717 1429 821 1465 nudis,
837 1429 973 1460 tunicati
990 1429 1084 1459 duras
1109 1429 1194 1459 urbis
1219 1429 1323 1460 silices
1346 1430 1450 1460 terere

314 1473 514 1507 videbantur.
531 1473 693 1509 quaestum
714 1480 776 1501 non
792 1473 829 1501 ut
849 1479 928 1509 pane
941 1470 1088 1508 siligineo
1102 1471 1135 1500 et
1145 1471 1228 1506 albo,
1249 1470 1305 1501 sed
1325 1470 1451 1502 sordido

314 1517 348 1545 et
361 1516 418 1545 sub
434 1514 518 1551 nigri
533 1513 644 1544 coloris
664 1513 778 1543 famem
795 1513 1001 1550 impellentem
1017 1512 1188 1548 abigerent.
1205 1512 1346 1544 Iamvero
1360 1513 1450 1551 panis

316 1556 455 1595 plebeius
470 1555 511 1586 ad
524 1555 643 1594 plebem
664 1554 867 1585 saturandam
889 1555 1088 1591 coquebatur,
1108 1553 1317 1593 gradilisque
1344 1554 1448 1593 appel-

314 1599 438 1629 labatur
459 1606 479 1628 a
499 1597 660 1634 gradihus,
690 1597 744 1633 qui
773 1597 805 1626 in
835 1605 1017 1634 unaquaque
1039 1595 1174 1632 regionis
1187 1596 1262 1626 urbe
1277 1597 1381 1626 essent
1401 1596 1447 1634 pi-

313 1640 424 1671 strinis
454 1639 602 1678 proximi.
635 1638 731 1669 Plura
763 1638 800 1668 de
822 1637 877 1667 hoc
899 1647 978 1676 pane
1009 1638 1127 1668 cibario
1146 1636 1275 1668 habebis
1302 1637 1335 1667 in
1367 1637 1446 1668 eod.

316 1681 533 1712 Theodosian.
568 1679 620 1717 14,
651 1680 707 1715 17;
739 1679 770 1716 3,
804 1679 831 1711 4.
857 1679 902 1717 (S.
933 1680 1020 1710 Petri
1050 1679 1200 1718 principis
1233 1677 1448 1717 Apostolorum
1503 1685 1509 1687 “

314 1723 422 1765 hymn.
439 1724 514 1760 ΧΗ).

382 1771 429 1808 (3)
442 1770 537 1800 Οἰνιίε
549 1769 606 1799 ille
618 1769 696 1799 latet
705 1769 862 1806 ymtitoris
873 1768 1039 1800 amabilis.
1056 1767 1141 1799 Ciuis
1148 1767 1198 1798 hic
1211 1766 1451 1806 perabusionem

311 1812 473 1850 reliquiae,
494 1820 577 1847 ossa,
604 1811 734 1841 exuviae
748 1811 831 1841 sunt.
853 1811 1052 1841 MAucaLmvs
1075 1810 1106 1839 in
1123 1809 1376 1840 adnotationibus
1391 1809 1445 1840 In·

312 1854 484 1893 scription.
508 1853 600 1883 Sacr.
615 1851 703 1882 XXV
725 1853 790 1882 ait:
817 1863 833 1879 «
857 1851 978 1882 fallitur
996 1859 1086 1889 porro
1108 1851 1159 1889 qui
1183 1852 1301 1882 cineres
1323 1851 1446 1882 tantum

311 1904 473 1934 corporum
488 1895 695 1924 crematorum
720 1893 868 1931 reliquias
883 1892 1030 1932 appellari
1051 1893 1144 1931 putat
1159 1902 1190 1924 ».
1213 1893 1278 1930 Ego
1294 1900 1365 1923 vero
1379 1901 1446 1931 pro-

312 1937 380 1976 prie
401 1937 540 1970 exuvias,
573 1944 644 1966 ossa
665 1934 814 1972 reliquias
834 1934 1046 1965 defunctorum
1070 1935 1165 1964 nolim
1186 1934 1303 1965 cineres
1325 1941 1447 1971 vocare,

314 1987 393 2015 quae
415 1987 474 2008 vox
496 1977 640 2013 velimus,
661 1976 794 2006 nolimus
816 1976 855 2006 ad
877 1976 1023 2006 horrifica
1043 1976 1136 2006 busta
1156 1975 1299 2006 trahunt.
1322 1975 1360 2006 V.
1389 1975 1450 2006 ele-

314 2019 494 2057 gantissimi
509 2019 632 2049 Iosurm
646 2019 770 2055 Mam,
782 2018 834 2049 La
845 2018 982 2056 fortuna
993 2018 1074 2048 delle
1085 2017 1184 2055 frasi,
1196 2017 1235 2048 N.
1246 2016 1307 2054 111,
1318 2017 1446 2056 pagum.

345 2077 347 2079 ·
380 2061 428 2101 (4)
455 2061 544 2092 Unde
566 2069 699 2091 sacrum
720 2060 842 2098 referat
861 2060 923 2090 etc.
941 2060 987 2090 Ad
1010 2068 1131 2090 sacrum
1148 2059 1291 2090 Chrisma
1311 2057 1446 2089 refertur

315 2102 367 2133 hic
390 2104 507 2134 eei-sus.
532 2102 626 2132 Feria
646 2110 779 2139 namque
802 2102 826 2131 V
848 2101 1025 2132 dominicae
1053 2109 1132 2138 quae
1160 2109 1178 2130 a
1202 2099 1320 2140 Palmis
1341 2102 1449 2130 nomen
