1566 2482
0 0 382 35 sffrztffl‘WQYWEH-'K
402 18 446 33 „a
474 28 479 32 ἡ
542 27 544 30 ,
659 7 673 34 ᾖ
696 3 774 34 >.--³·>-‘
792 13 794 17 ’
853 7 861 27 ²-
882 15 928 40 74³·
951 21 972 33 μ

57 35 59 39 .
112 34 127 42 -.
136 36 145 41 ν.
157 37 163 41 .
220 43 221 46 ,
279 41 282 43 .
295 33 297 36 ·
353 41 358 43 .
615 41 621 51 f
635 35 640 46 ι
833 43 839 52 x
883 51 896 60 ‚ae

302 157 398 197 224-
683 169 836 199 Avitum
861 170 1066 200 mmmm

351 276 610 326 Dividiturque
638 278 686 317 ab
713 278 825 317 humo
853 279 1006 318 convexi
1033 279 1138 329 regia
1164 281 1274 329 caeli,

350 330 512 368 Tantum
538 332 664 369 vestra
691 331 783 371 meis
811 332 957 371 distant
983 334 1175 372 mundana
1203 334 1354 384 futuris,

352 383 444 421 Dira
471 384 593 431 bonis,
623 385 804 424 scelerata
829 386 916 435 piis,
935 387 1132 426 tenebrosa
1160 388 1317 428 serenis.

350 436 536 485 Quidquid
564 438 662 476 obire
689 440 825 487 potest,
853 439 1011 488 fugiatis
1039 451 1190 480 censeo:
1221 442 1400 492 quidquid

347 491 515 528 Naturae
542 491 685 530 ratione
713 492 814 541 capit
839 493 987 541 vitium,
1009 494 1121 542 atque
1149 495 1324 543 senesci-t,
1357 496 1434 536 130

351 545 422 582 Pro
449 544 583 591 nihilo,
604 545 645 583 in
663 545 836 593 nihilum,
858 547 946 595 quia
973 549 1062 586 sunt
1079 548 1257 596 reditura,
1277 550 1430 597 putetis,

348 597 489 636 Cuncta
517 598 700 646 equidem.
731 611 825 647 quae
852 600 980 648 gignit
1006 601 1156 649 humus,
1186 613 1280 650 quae
1314 604 1432 642 conti-

1241 658 1319 704 net,
1348 657 1433 706 ipsa

345 704 533 752 Principio
561 705 726 754 institui,
756 706 946 755 nitidoque
974 707 1142 756 insignia
1168 654 1306 749 mu[ndo

345 759 572 796 Ornamenta
600 759 698 807 dedi,
730 760 972 808 spediosaque
992 761 1135 799 semina
1162 762 1268 802 finxi.

344 812 414 849 Sed
431 813 557 850 tamen
572 824 650 851 esse
666 814 814 852 modum
829 814 944 861 volui,
960 814 1156 863 parcisque
1174 815 1331 855 fruenda
1352 817 1428 856 135

342 865 508 904 Moribus
535 865 691 914 indulsi,
722 868 906 915 quantum
933 868 1174 907 moribundus
1202 871 1239 908 et
1266 882 1376 920 aeger

343 919 514 967 Corporis
542 931 585 957 ac
614 920 712 959 vitae
739 921 899 959 volucris
926 921 999 960 sibi
1026 923 1193 970 posceret
1218 935 1331 963 usus:

341 973 427 1011 Non
454 974 496 1010 ut
522 974 653 1021 captus
681 974 789 1012 homo
816 975 967 1022 studiis,
998 977 1034 1014 et
1069 975 1234 1014 inaniter
1270 978 1423 1026 ardens,

341 1027 500 1064 Duceret
527 1038 634 1065 omne
652 1028 790 1066 bonum
807 1028 971 1076 positum
998 1030 1037 1067 in
1067 1029 1260 1068 dulcedine
1285 1027 1422 1078 rerum,

339 1080 389 1117 Et
416 1079 536 1127 specie
562 1081 681 1128 tenui,
712 1093 805 1129 quas
832 1093 975 1120 currere
1002 1084 1164 1130 tempore
1191 1083 1299 1131 iussi,
1347 1084 1423 1124 140

339 1134 461 1180 Atque
489 1144 621 1171 aevum
649 1135 780 1182 statui,
811 1135 984 1183 subque
1016 1147 1199 1184 generosa
1231 1138 1424 1184 probarem

339 1186 508 1233 Pectora,
538 1198 584 1225 ne
611 1188 762 1236 torpens
789 1189 826 1226 et
853 1199 928 1226 non
957 1188 1116 1228 exercita
1143 1190 1277 1237 virtus,

338 1239 464 1277 Robur
490 1242 703 1279 enervatum
725 1241 775 1290 (1)
793 1243 935 1290 gereret
962 1243 1043 1281 sine
1060 1242 1169 1281 laude
1195 1244 1392 1292 palestrae.

334 1293 592 1332 Inlecebrosus
621 1294 717 1333 enim
748 1306 857 1343 sapor
884 1298 941 1334 est
968 1298 1005 1334 et
1030 1296 1182 1344 pestifer
1210 1298 1363 1344 horum3

335 1348 450 1393 Quae,
463 1347 551 1385 dum
565 1350 813 1396 praetereunt,
826 1349 919 1388 miro
933 1350 1175 1388 oblectamine
1185 1353 1327 1390 mentes
1343 1352 1418 1390 145

334 1400 557 1448 Implicitas,
587 1402 806 1450 vinctasque
834 1404 976 1441 tenent.
1009 1403 1175 1442 Vicenda
1202 1405 1390 1454 voluptas,

332 1454 553 1501 Elaquenda
579 1455 697 1493 animi
724 1456 959 1494 constantia:
991 1469 1037 1495 ne
1064 1457 1257 1497 retinaclis

332 1507 508 1546 Mollibus
536 1519 580 1546 ac
606 1509 718 1547 lentis
745 1520 839 1547 nexa
866 1511 903 1548 et
929 1510 1078 1558 captiva
1104 1513 1306 1559 prematur.

336 1561 568 1599 Luctandum
601 1563 650 1609 (2)
681 1574 836 1601 summis
863 1565 1078 1602 conatibus:
1110 1565 1208 1603 inter
1233 1567 1364 1604 acerba

334 1615 557 1653 Sectandum
585 1615 735 1654 virtutis
764 1616 846 1664 iter,
877 1629 922 1655 ne
951 1617 1082 1656 suavia
1109 1618 1230 1657 fluxae
1338 1619 1415 1658 150

339 1767 386 1807 (1)
408 1769 509 1798 robur
531 1773 732 1802 enervatum.
755 1771 916 1802 Interdum
946 1773 1051 1802 noster
1073 1772 1154 1803 ludit
1174 1773 1258 1803 inter
1278 1774 1412 1805 scriben-

277 1815 364 1847 dum.
388 1816 464 1846 Vide
484 1816 529 1848 sis
551 1808 724 1846 ἀντίθετον
745 1818 777 1848 in
794 1817 973 1849 Cathemer.
990 1819 1059 1856 VII,
1077 1819 1128 1850 14.
1145 1820 1203 1851 Hic
1217 1829 1291 1852 voro
1305 1829 1413 1854 vorsus

278 1858 351 1894 143,
377 1857 437 1888 144
458 1858 491 1887 in
515 1866 575 1888 uno
597 1867 635 1889 ex
669 1859 831 1890 Vaticanis
862 1861 901 1891 nd
931 1860 1011 1891 huuc
1043 1862 1167 1892 modum
1198 1863 1411 1902 mflngun‘tur:

279 1910 295 1926 «
314 1899 470 1930 Enervnre
491 1907 579 1930 suum
601 1902 748 1939 corrupta
760 1910 814 1940 per
828 1902 895 1932 otia
909 1903 1001 1933 robur
1015 1903 1136 1941 Posset,
1151 1904 1184 1935 et
1205 1905 1238 1935 in
1257 1905 1343 1936 nullo
1363 1905 1409 1936 lu·

273 1941 410 1971 ctamine
430 1942 522 1979 pigra
539 1941 661 1972 *iaceret
685 1953 713 1974 ι.

336 1982 381 2021 (2)
403 1983 628 2015 Luc-tandum.
652 1983 765 2016 Hmns.
789 1985 822 2016 et
837 1993 906 2015 cum
921 1994 955 2016 eo
971 1986 1085 2025 plures,
1101 1986 1205 2019 ersa.
1221 1987 1408 2019 reitandum.

274 2023 409 2061 Vtraque
424 2024 517 2054 lectio
532 2025 681 2062 quadratu
695 2026 813 2057 etenim
825 2027 872 2057 uti
885 2027 951 2066 ipse
962 2027 1140 2065 Aligherius
1155 2029 1285 2068 cecinit,
1296 2029 1330 2060 S.
1342 2030 1409 2062 Μι-

274 2065 401 2095 thaeum
425 2068 566 2098 secutus:
582 2077 599 2095 «
612 2067 753 2104 Regnum
767 2068 919 2099 coelorum
938 2070 1076 2100 violcnza
1089 2071 1161 2110 pate
1176 2082 1207 2104 ιι.
1223 2087 1263 2095 -
1276 2071 1405 2104 Paraa.

273 2106 346 2145 XX,
369 2107 423 2139 94.
445 2107 483 2141 V,
506 2108 625 2142 Matth.
651 2110 700 2146 11,
727 2110 779 2142 12.
