1566 2482
285 179 335 216 32
664 184 816 212 AVRELII
845 184 1048 212 PRVDEN'I'II

287 305 371 342 Dux
397 299 523 350 populi
551 298 741 347 peccantis
769 298 875 336 adest
903 297 946 336 de
974 299 1099 336 monte
1126 298 1269 338 corusci

288 355 471 401 Luminis,
502 352 744 401 adloquioque
773 351 855 398 Dei,
886 349 1106 400 tabulasque
1132 353 1321 391 tremendo

287 410 434 449 Incisas
462 407 578 455 digito
606 417 714 444 caeca
742 406 789 442 ad
815 405 976 443 tentoria
1003 405 1131 444 defert.

288 464 359 502 Sed
372 461 473 501 cadit
486 461 527 498 in
541 459 673 498 faciem
679 459 784 507 plebs
805 458 881 509 (1),
893 469 968 497 non
986 459 1113 497 visura
1132 459 1334 507 profundae
1351 461 1427 499 330

289 516 400 565 Legis
427 515 468 552 in
496 513 615 562 effigie
644 512 822 560 scriptum
850 524 914 560 per
942 512 1132 560 enigmata
1160 513 1363 552 Christum.

290 569 441 615 InfeliX,
472 579 565 616 quae
590 567 672 604 luce
695 566 818 604 oculos
847 565 1067 614 praestricta
1093 567 1269 616 paventes

289 622 449 669 Texerit,
481 623 517 659 et
544 631 670 668 presso
699 619 830 657 faciem
858 619 991 658 velarit
1018 619 1182 658 amictu?

290 679 343 716 At
370 687 437 714 nos
464 674 598 713 reiecto
626 673 814 712 Christum
840 673 1023 711 velamine
1050 684 1174 712 coram

292 730 484 769 Cernimus
494 728 567 776 (2),
584 728 694 774 atque
702 727 820 764 Deum
827 727 932 765 vultu
940 727 1171 774 speculamur
1184 727 1311 775 aperto
1325 741 1334 774 3
1353 728 1429 766 335

291 785 384 830 Nec,
411 783 480 821 sub
506 782 589 829 lege
617 780 739 828 gravi,
771 781 944 828 depressa
971 780 1091 818 fronte
1118 780 1295 828 iacemus,

292 837 360 876 Sed
388 835 483 883 legis
510 834 657 872 radium
685 833 835 872 sublimi
862 834 1101 882 agnoscimus
1129 845 1203 872 ore.

292 891 391 937 Heu,
423 889 598 927 frondosa
627 888 685 936 (3)
713 887 816 935 prius
844 887 958 925 ramis
986 887 1154 926 felicibus
1183 887 1312 925 arbor!

293 943 517 991 Pinguibus,
547 942 633 987 heu,
665 941 850 989 quondam
878 940 983 978 radix
1012 941 1184 989 oleagina
1211 941 1358 979 baccis!

292 998 386 1035 Ecce
413 995 483 1034 tibi
510 995 647 1033 inserto
674 994 864 1032 revirescit
890 1005 990 1032 nunc
1019 994 1176 1032 oleastro
1355 995 1432 1032 340

293 1051 475 1095 Truncus,
506 1050 543 1086 et
570 1047 711 1086 externi
738 1047 894 1085 vestitur
921 1047 1053 1086 cortice
1080 1047 1180 1085 libri.

294 1104 378 1142 Iam
406 1102 575 1140 miserere
603 1101 672 1139 tui.
704 1101 791 1138 Non
819 1112 857 1138 se
886 1100 1069 1138 silvestris
1098 1101 1186 1139 olivi

294 1157 482 1202 Surculus,
513 1155 684 1192 exultans
713 1154 834 1192 alieno
862 1153 1001 1201 stipite,
1033 1154 1172 1200 iactat,

295 1210 364 1248 Sed
382 1210 520 1255 monet,
542 1210 585 1246 ut
603 1207 749 1256 generis
768 1207 907 1255 proprii
926 1218 1075 1254 memor,
1097 1207 1263 1256 unguine
1283 1219 1407 1245 amaro
1490 1249 1492 1251 ,

296 1262 523 1302 Contristare
550 1273 673 1300 comas
701 1261 910 1307 desuescaS,
941 1261 1055 1308 stirpe
1083 1272 1150 1299 nec
1176 1261 1249 1300 imo
1357 1262 1434 1299 345

296 1317 471 1356 Invideas
498 1315 624 1353 missis
652 1314 692 1352 in
721 1314 820 1353 celsa
847 1314 1041 1352 cacumina
1067 1314 1199 1363 virgis.

296 1412 520 1447 Romanosque.
529 1410 588 1440 Pro
600 1410 726 1439 numine
738 1409 788 1440 hic
797 1409 968 1446 generatim
981 1409 1145 1447 accipitur.
1155 1409 1233 1439 Vide
1243 1407 1433 1445 sis‘Ssanv,

298 1454 345 1483 De
368 1453 444 1482 Diis
466 1452 543 1490 Syr.
569 1452 741 1489 Syntaym.
769 1451 819 1480 11.
844 1451 877 1481 C.
904 1451 932 1480 1.
957 1451 1068 1481 Noster
1106 1451 1238 1489 primam
1269 1452 1356 1482 vocis
1375 1451 1434 1489 syl-

297 1502 400 1531 labam
421 1500 544 1536 longam
568 1499 657 1534 fecit;
683 1507 699 1529 e
722 1499 877 1528 contrario
900 1499 1116 1536 corripuerunt
1151 1499 1262 1531 Sssnvt.
1286 1499 1322 1530 V.
1346 1497 1434 1538 7147,

301 1543 432 1579 aliique.

341 1583 392 1623 (1)
433 1582 494 1613 Sed
522 1582 610 1612 cadit
637 1582 674 1611 in
696 1581 833 1619 faciem,
864 1582 923 1611 etc.
947 1581 1107 1611 Iudeorum
1135 1581 1319 1612 caecitatem
1347 1582 1437 1612 notat
1459 1598 1473 1603 κ

299 1626 390 1663 poeta
405 1624 464 1655 Sed
485 1623 623 1661 Moysen,
647 1624 695 1653 uti
721 1623 838 1660 legitur
864 1624 896 1652 in
925 1623 1022 1653 Exod.
1051 1623 1198 1659 XXXIV,
1226 1622 1266 1653 33
1294 1623 1437 1654 videmus

299 1668 365 1697 velo
388 1666 514 1701 faciem,
536 1674 596 1695 non
618 1665 761 1703 populum
784 1665 952 1695 obtexisse.
978 1665 1129 1701 Equidem
1146 1664 1320 1695 istiusmodi
1334 1665 1436 1695 velum

300 1709 335 1738 in
357 1708 467 1738 faciem
488 1707 617 1745 Moysis,
634 1706 715 1736 teste
728 1705 760 1736 S.
778 1706 884 1736 PAVLo
899 1706 930 1736 II
945 1706 984 1736 ad
1005 1706 1146 1737 Corinth.
1164 1706 1221 1742 111,
1241 1706 1292 1743 13,
1314 1707 1436 1744 signum

302 1750 363 1780 fuit
378 1750 411 1779 et
431 1750 529 1785 figura
551 1748 727 1784 velaminis,
750 1756 808 1783 quo
828 1747 1007 1778 Iudaeorum
1026 1748 1118 1778 eorda.
1138 1748 1368 1784 obtegerentur‚
1389 1756 1435 1778 es-

300 1793 408 1827 setque
424 1791 468 1820 eis
481 1790 780 1827 impedimento‚quo
799 1789 899 1819 minus
912 1790 943 1818 in
957 1789 1115 1819 Christum
1128 1789 1301 1826 crederent,
1309 1790 1436 1826 eiusque

302 1832 448 1870 mysteria
486 1831 756 1869 amplecterentur.
780 1830 857 1860 Rem
886 1831 1019 1867 idcirco,
1041 1839 1179 1861 sermone
1205 1839 1276 1861 usus
1304 1830 1434 1869 tropolo-

301 1875 380 1912 gico,
404 1882 459 1912 pro
481 1873 568 1909 signo
590 1873 633 1902 rei
661 1872 764 1910 posuit
785 1871 1004 1902 methonimice
1027 1873 1129 1909 poeta.

344 1915 387 1954 (2)
424 1915 470 1944 At
492 1923 551 1944 nos
582 1914 695 1944 reiecto
725 1913 893 1943 Christum
921 1914 1077 1944 velamine
1103 1923 1213 1944 coram
1249 1914 1432 1945 Cernimus.

272 1986 274 1990 ,
303 1958 339 1987 V.
363 1957 396 1987 S.
419 1957 503 1986 PAVL
526 1956 565 1986 ad
586 1955 741 1991 Corinth„
757 1955 815 1992 III,
834 1955 883 1985 18.

345 1998 388 2037 (3)
411 1998 497 2034 Heu,
531 1997 687 2035 frondosa
703 1997 808 2035 prius
830 1997 948 2033 ramis,
972 1996 1035 2029 etc.
1061 1997 1107 2027 En
1135 1997 1186 2027 hic
1219 1997 1306 2028 nobis
1333 1995 1436 2036 populi

304 2040 438 2075 Iudaici,
476 2039 631 2069 veteribus
657 2039 912 2077 supestitionibus
941 2038 1089 2069 adscricti
1125 2039 1365 2077 descriptionem
1402 2039 1435 2068 fi-

304 2082 388 2118 guris
410 2081 637 2116 adumbratam,
654 2080 852 2117 eamdemque
874 2089 911 2111 ex
934 2079 992 2116 Ap.
1010 2079 1113 2110 PAvro
1129 2080 1168 2110 ad
1190 2081 1278 2112 Rom.
1296 2079 1378 2115 xvi,
1398 2079 1435 2111 17

304 2122 526 2161 depromptam,
552 2122 598 2152 uti
622 2122 744 2159 egregie
766 2122 877 2152 Esnvs
899 2121 1047 2153 declarat.
