1566 2482
309 172 387 211 258
685 159 838 208 Avnumr
864 159 1068 208 mummi

361 292 413 331 Et
438 302 532 339 quae
559 288 775 338 praeteritos
801 287 921 336 possit
945 299 1100 336 pensare
1125 289 1284 328 labores.

360 343 561 392 Multiplici
590 343 664 380 dux
691 342 847 379 daemon
876 341 997 390 adest,
1027 342 1091 391 qui
1118 347 1224 391 parte
1253 342 1408 383 sinistra

362 397 584 436 centifidum
611 395 808 434 confundit
833 394 919 442 iter,
949 395 1067 433 trahit
1093 396 1180 434 inde
1207 397 1396 445 sophistas

360 451 558 498 Barbatos,
573 449 691 487 trahit
700 449 788 487 hinc
803 448 933 496 opibus
943 448 1001 487 vel
1015 449 1152 488 honore
1165 451 1333 497 potentes
1346 465 1355 498 ;
1371 451 1447 489 890

361 504 492 543 Inlicit
518 505 555 542 et
582 503 773 541 volucrum
799 501 958 550 linguis,
989 503 1027 540 et
1053 503 1220 551 aruspice
1247 504 1362 551 fallit,

360 558 529 606 Instigat
555 555 775 595 bacchantis
803 566 898 593 anus
926 556 1082 604 ambage
1110 556 1285 606 Sibyllae,

359 611 525 661 Involvit
552 609 710 648 mathesi
740 608 816 658 (1),
847 609 1014 657 magicas
1042 610 1202 658 impellit
1229 611 1269 649 in
1297 612 1408 653 artes.

362 665 493 705 Omine
521 663 714 709 sollicitat,
743 662 844 710 capit
871 674 1027 711 augure,
1044 663 1193 702 territat
1220 664 1330 702 extis.

362 718 507 766 Cernis,
524 719 567 756 ut
579 728 655 755 una
670 716 733 754 via
747 717 803 754 est
817 715 946 754 multis
960 716 1192 756 anfractibus
1207 729 1352 765 errans,
1370 718 1447 756 895

361 773 489 811 Talem
515 782 629 819 passa
657 770 801 816 ducem,
833 769 896 817 qui
923 781 997 808 non
1027 769 1129 808 sinat
1155 771 1208 809 ire
1236 771 1370 810 salutis

361 826 422 865 Ad
450 824 666 871 Dominum,
697 823 762 861 sed
789 822 918 861 mortis
937 822 1007 861 iter
1033 835 1097 872 per
1116 824 1222 863 devia
1240 825 1448 863 monstret?

361 879 494 927 Devia,
522 878 623 927 picta
649 876 759 916 bonis
786 876 975 924 brevibus,
1006 877 1072 916 sed
1098 877 1172 915 fine
1200 878 1269 916 sub
1297 878 1376 926 ipso

360 933 514 979 Tristia,
531 933 567 970 et
593 931 634 969 in
653 929 815 969 subitam
831 941 1006 978 praeceps
1025 930 1201 970 immersa
1217 931 1446 981 charybdim.

360 987 419 1025 Ite
445 985 588 1034 procul,
619 985 772 1033 gentes:
804 984 991 1022 consortia
1020 983 1127 1022 nulla
1154 985 1299 1023 viarum
1367 986 1447 1023 900

362 1041 456 1079 Sunt
482 1036 698 1078 vobiscum
725 1037 829 1085 plebe
858 1037 950 1075 Dei:
974 1037 1151 1076 discedite
1177 1038 1303 1087 longe,

361 1094 412 1132 Et
438 1093 602 1131 vestrum
629 1091 820 1139 penetrate
847 1090 974 1138 chaos,
1005 1102 1076 1138 quo
1103 1101 1169 1129 vos
1196 1092 1305 1130 vocat
1331 1091 1393 1129 ille

360 1146 538 1185 Praevius
565 1144 732 1183 infernae
758 1143 933 1191 perplexa
959 1155 1024 1192 per
1051 1143 1138 1182 avia
1166 1145 1301 1183 noctis.

359 1201 413 1238 At
439 1199 547 1238 nobis
573 1198 672 1237 vitae
700 1196 900 1235 Dominum
929 1197 1193 1245 quaerentibus
1224 1209 1341 1236 unum

359 1254 440 1292 Lux
466 1252 536 1291 iter
563 1253 634 1299 est,
652 1252 689 1289 et
716 1250 818 1289 clara
846 1250 940 1298 dies,
957 1251 994 1288 et
1021 1250 1147 1299 gratia
1175 1250 1346 1300 simplex.
1369 1252 1446 1289 905

347 1307 429 1355 ‘Spe
448 1305 647 1354 sequimur,
657 1304 918 1353 gradimurque
936 1303 1023 1351 fide,
1044 1303 1269 1353 fruimurque
1286 1304 1445 1346 futuris:

361 1360 421 1398 Ad
449 1371 543 1408 quae
570 1370 646 1397 non
675 1357 833 1396 veniunt
858 1357 1068 1406 praesentis
1095 1358 1235 1406 gaudia
1262 1358 1381 1405 vitae,

360 1415 439 1452 Nec
466 1414 621 1452 currunt
647 1412 785 1460 pariter
812 1412 923 1459 capta
951 1412 988 1450 et
1015 1411 1195 1459 capienda
1221 1411 1410 1460 voluptas.

307 1467 450 1507 Vltima
475 1466 593 1515 legati
621 1466 756 1504 defleta
784 1465 907 1503 dolore
936 1465 1084 1513 querela
1112 1466 1168 1503 est
1198 1465 1280 1514 (2):

371 1593 416 1632 (1)
439 1593 582 1623 Involvit
603 1592 752 1622 mathesi.
778 1591 919 1621 Involvit
944 1599 981 1621 ex
996 1590 1193 1628 genethliaca
1212 1591 1446 1629 superstitione.

263 1663 265 1667 ¹
310 1643 353 1672 De
386 1640 557 1676 astrologia
589 1639 770 1676 Iudiciaria,
794 1647 886 1676 quam
918 1639 1031 1668 vocant
1060 1638 1096 1670 V.
1118 1639 1321 1669 Bnnnmcoevn
1349 1639 1447 1670 Penn-

314 1698 390 1719 mvm
413 1690 447 1721 L.
475 1689 522 1719 111
543 1699 560 1715 «
582 1689 631 1718 De
653 1688 768 1726 Magia
792 1698 810 1715 »
841 1704 884 1708 —
904 1685 1039 1717 Mediam
1070 1686 1222 1725 syllabam
1244 1686 1277 1716 in
1305 1688 1446 1718 mathesi

310 1737 444 1768 licenter
458 1737 563 1767 noster
585 1736 749 1775 corripuit.

373 1785 417 1823 (2)
445 1784 568 1814 Vltima
591 1784 691 1822 leyati
712 1784 826 1821 defleta
848 1782 957 1812 dolore
977 1782 1111 1820 querela
1132 1784 1188 1812 est.
1210 1781 1449 1820 Queritantibus

251 1820 260 1827 ⁴
306 1833 468 1868 Romanis,
485 1832 566 1869 quod
582 1831 721 1862 cladibus
736 1832 770 1861 et
790 1830 926 1860 miseriis
941 1830 1096 1860 terrarum
1113 1830 1196 1860 orbis
1211 1830 1448 1868 opprimeretur,

307 1881 340 1910 et
362 1881 430 1918 ipsa
450 1880 547 1917 eaput
568 1879 668 1909 Roma
689 1877 771 1908 male
792 1886 824 1908 se
847 1877 976 1907 haberet
997 1877 1035 1907 ob
1050 1877 1301 1908 Christianorum
1317 1878 1448 1919 sectam,

305 1928 358 1965 qui
383 1927 549 1963 religiones
571 1927 704 1962 veterem,
728 1933 887 1962 moresque
909 1925 1058 1962 antiquos
1079 1923 1189 1962 agredi
1209 1924 1395 1962 omnimode,
1416 1926 1450 1956 et

303 1976 467 2006 eradicare
488 1975 687 2010 conarentur,
710 1973 877 2012 respondet
898 1973 1003 2010 poeta,
1033 1972 1226 2010 argumentis
1246 1981 1286 2003 ex
1314 1972 1449 2004 historia

306 2024 339 2057 et
360 2023 496 2053 veritate
519 2021 639 2060 petitis,
670 2021 717 2052 Ex
740 2021 797 2051 hoc
820 2021 888 2058 ipso
911 2028 1057 2056 germano
1079 2019 1165 2050 fonte
1193 2020 1227 2053 S.
1250 2019 1448 2050 Avovsrmvs

308 2070 488 2101 immortale
510 2078 587 2108 opus
608 2079 697 2100 suum
714 2069 889 2100 derivavit:
914 2079 931 2096 «
954 2069 1003 2098 De
1027 2068 1124 2099 civit.
1147 2068 1212 2098 Dei
1234 2078 1253 2097 »
1275 2067 1354 2106 quod
1367 2066 1447 2098 evol-

308 2127 378 2150 vere
399 2119 554 2158 praestat.
