1566 2482
564 155 851 198 nAmTIenmA
979 126 982 127 γ
1193 153 1271 202 11'5'

134 278 314 327 Visibus,v
334 279 372 319 et
395 289 503 318 coeco
531 279 700 319 delentur
725 282 889 330 tempore
915 281 1070 322 formae.
1196 284 1273 324 885

135 333 330 382 Numquid
355 334 394 372 et
419 333 520 372 exuti
546 333 736 382 membris,
767 343 811 374 ac
839 334 978 375 viscere
1005 335 1168 386 perdunt

134 387 340 437 Agnitione
366 388 476 426 notas
502 399 640 436 rerum,
675 388 730 427 vel
758 389 949 438 gressibus
977 393 1132 430 errant?

134 442 222 480 Una
247 441 395 480 animas
421 453 566 490 semper
591 442 706 481 facies
734 442 860 490 habet,
891 445 928 482 et
946 444 1046 484 color
1063 457 1162 484 unus

133 495 256 542 Aeris,
286 496 330 533 ut
355 494 487 544 cuique
514 498 572 535 est
597 496 811 535 meritorum
838 509 998 545 summa,
1029 499 1193 547 sinistri,

133 550 204 587 Seu
218 548 354 596 dextri3
373 549 539 589 alternas
549 562 617 590 nec
630 550 889 590 commutabile
899 553 1045 600 tempus
1060 552 1122 602 (1)
1196 555 1274 592 890

133 601 337 650 Convertit,
358 603 551 652 variatque
580 605 698 644 vices:
728 605 884 654 longum
902 606 1012 654 atque
1039 618 1199 654 perenne
1218 610 1274 646 est

133 656 320 705 Quidquid
347 656 385 695 id
412 658 492 695 est:
522 670 620 697 unus
648 659 765 697 volvit
792 671 860 698 sua
888 660 1037 699 saecula
1053 673 1198 700 cursus.

132 712 316 762 Expertus
343 710 492 749 dubitas
519 713 666 751 animas
692 716 902 761 percurrere
929 714 1012 752 visu

131 764 275 803 Abdita
299 765 483 812 corporeis
509 766 649 812 oculis3
681 779 794 815 quum
822 779 930 815 saepe
957 767 1094 816 quietis

130 820 225 857 Rore
252 819 435 866 soporatis
461 825 589 858 cernat
616 832 720 858 mens
747 821 834 858 viva
860 823 1034 868 remotos,
1193 823 1270 861 895

131 872 398 920 Distantesque
425 872 540 920 locos,
570 874 688 912 aciem
714 885 780 922 per
806 886 909 923 rura,
939 887 1003 923 per
1030 877 1149 923 astra,

131 927 202 964 Per
229 925 348 963 maria
375 925 596 973 intendens;
622 939 696 969 ‚nec
723 928 823 966 enim
851 940 890 967 se
919 931 1094 978 segregat
1121 930 1205 978 ipsa

129 981 229 1018 Ante
256 979 398 1018 obitum
424 979 522 1018 vivis
549 993 593 1019 ex
620 982 792 1028 artubus,
823 983 890 1021 aut
915 982 1017 1031 fugit
1044 984 1149 1022 exsul

128 1032 347 1081 Sanguinis,
377 1034 415 1071 et
441 1034 566 1072 carnis
594 1036 816 1083 penetralia,
848 1048 960 1085 seque
988 1037 1163 1076 medullis

128 1087 258 1133 Exuit,
287 1087 532 1126 abductamve
559 1089 681 1138 abigit
708 1090 751 1128 de
778 1091 924 1137 pectore
952 1089 1085 1138 vitam,
1194 1092 1271 1130 900

129 1140 305 1179 Viscerea
333 1141 398 1179 sed
426 1142 511 1180 sede
538 1154 707 1191 manens,
735 1144 949 1191 speculatur
976 1145 1098 1183 acutis

129 1194 266 1233 Omnia
292 1195 520 1234 luminibus:
551 1198 588 1234 et
616 1208 689 1245 qua
715 1197 944 1236 circumtulit
971 1209 1094 1237 acrem

127 1248 296 1286 Naturae
323 1248 417 1287 levis
445 1249 638 1297 intuitum,
669 1251 772 1289 nullo
801 1251 916 1291 obiice
946 1250 1008 1302 (2)
1036 1264 1160 1291 rerum

127 1301 317 1348 D1sclusa‚
348 1303 436 1340 ante
463 1303 588 1342 oculos
615 1304 823 1343 subiectum
850 1305 1031 1354 prospicit
1058 1307 1197 1354 orbem,

107 1355 250 1403 Atque
269 1355 369 1394 orbis
397 1357 466 1394 sub
494 1357 588 1396 mole
607 1358 722 1396 situm
750 1359 905 1398 sordens
923 1359 1160 1400 elementum.
1181 1361 1270 1409 *905

128 1408 283 1447 Obiacet
310 1409 453 1448 interea
478 1410 606 1458 tellus,
637 1423 705 1450 nec
732 1412 875 1452 visibus
902 1414 1041 1452 obstat.

126 1462 226 1508 Quin
252 1462 286 1501 si
314 1463 544 1512 stelligerum
572 1465 699 1503 vultus
727 1469 921 1506 convertat
948 1468 998 1505 ad
1025 1479 1147 1515 axem,

125 1514 193 1554 Nil
220 1515 471 1556 intercurrens
499 1518 706 1565 obtutibus,
737 1519 893 1568 impedit
920 1521 1045 1570 ignem

125 1569 326 1618 Pervigilis
353 1570 502 1612 animae
522 1586 530 1609 :
562 1572 732 1620 quamvis
760 1573 915 1612 denseta
934 1575 993 1624 (3)
1014 1576 1218 1623 graventur

123 1621 281 1670 Nubila,
312 1625 349 1662 et
375 1624 544 1672 opposito
571 1625 763 1675 nigrescat
788 1627 924 1666 vellere
951 1629 1111 1668 caelum.
1188 1629 1266 1667 910

122 1676 182 1714 Sic
209 1687 350 1726 arcana
378 1678 478 1716 videt
503 1678 632 1718 tacitis
660 1683 832 1728 cooperta
861 1681 1014 1728 futuris,
1047 1682 1109 1731 (4)

126 1730 333 1779 Corporeus
361 1732 518 1771 Ioannis
547 1733 607 1782 (5)
636 1734 782 1773 adhuc:
813 1746 881 1774 nec
916 1747 1026 1774 carne
1055 1737 1214 1784 solutus,

187 1819 232 1858 (1)
255 1820 402 1851 alternas
424 1831 480 1851 nec
494 1823 720 1853 commutabile
742 1826 880 1862 tempus.
905 1824 941 1858 V.
961 1825 1089 1856 Eccnns.
1112 1826 1170 1862 XI,
1195 1826 1227 1856 3.

127 1902 152 1931 v
186 1860 229 1933 (ἓΙ
250 1862 349 1892 obiice
374 1880 410 1886 —
433 1864 553 1896 Tnzot..
576 1865 660 1895 obice
670 1875 685 1903 ;
719 1866 774 1896 sed
795 1866 892 1896 obiice
913 1876 969 1906 per
989 1869 1086 1906 syniz.
1117 1869 1270 1906 praestat,

189 1944 234 1982 (3)
249 1945 391 1975 denseta.
409 1946 573 1983 Deusetus,
587 1957 606 1978 a
628 1948 751 1987 denseo,
774 1959 806 1979 es
813 1960 827 1987 ,·
848 1951 880 1980 et
901 1949 1019 1981 dicitur
1041 1951 1191 1988 quidquid
1214 1961 1269 1982 sua

123 1987 238 2016 natura
262 1987 386 2023 densus,
408 1988 524 2026 spissus
543 1990 608 2022 est:
633 1990 718 2021 aliud
732 1994 781 2022 est
792 1992 948 2023 densatus
963 2002 982 2024 a
996 1993 1173 2031 densando,
1190 1994 1270 2032 quod

123 2027 162 2056 ab
185 2028 246 2058 alio
262 2030 311 2059 est
336 2030 424 2066 quasi
447 2030 662 2062 condensatus.

188 2069 240 2109 (4)
263 2071 407 2106 futuris.
431 2087 472 2094 —
494 2071 596 2104 Gism„
621 2074 653 2103 iu
676 2082 775 2111 marg.
790 2075 925 2114 fiquris.

189 2111 232 2151 (5)
254 2112 404 2144 Ioannis.
428 2113 466 2144 V.
494 2111 645 2162 Καθήμ.
670 2115 724 2153 VI,
748 2117 821 2148 108.
