1566 2482
596 178 817 208 Aromaosls
836 152 839 153 ⁷
1058 218 1062 221 η
1230 165 1279 203 19

135 298 186 337 Et
212 297 288 336 iam
316 295 518 344 falsiloqua
546 293 606 343 (1)
635 291 692 332 est
719 293 838 332 divini
866 292 1007 342 pagina
1034 293 1136 340 libri,

135 352 236 398 Quae
263 350 427 389 Verbum
453 349 494 387 in
521 347 646 387 earnis
673 347 840 396 loquitur
866 346 1017 385 fluxisse
1045 347 1233 395 figuram?

133 406 188 444 At
214 415 304 450 non,
336 403 400 452 qui
427 402 542 442 Verbi
570 403 681 440 Pater
708 402 780 448 est,
802 411 887 439 caro
906 400 1028 439 factus
1048 401 1228 441 habetur.

135 458 226 508 Fige
245 457 403 506 gradum
417 456 605 504 Scriptura
618 456 746 501 tuum;
770 455 824 493 nil
842 454 975 493 mobile
995 455 1032 492 et
1049 466 1185 502 anceps
1202 453 1278 493 110

133 512 363 551 Adfirmasse
391 511 516 548 decet:
548 510 660 547 Pater
676 510 758 555 est,
790 520 898 557 quem
926 515 1073 548 cernere
1102 508 1198 546 nulli

133 566 204 604 Est
219 565 364 603 licitum
378 579 386 602 ε
404 564 517 602 Pater
530 564 601 610 est,
619 563 683 611 qui
700 574 905 610 numquam
918 561 1022 600 visus
1040 561 1081 600 in
1100 563 1184 600 orbe
1204 563 1273 600 est.

133 620 214 658 Nee
239 618 431 657 mundana
458 617 555 655 inter
580 616 743 655 radiavit
768 615 913 654 lumina
939 627 1078 655 coram.

131 673 295 711 Verbum
322 671 562 721 conspicuum
588 670 706 716 misit,
736 669 964 717 missumque
992 669 1132 718 recepit

133 726 253 772 Quum
280 725 420 764 voluit:
451 724 571 764 Verbo
598 723 815 772 perstrinxit
841 723 983 761 viscera
1010 735 1124 771 purae
1199 723 1274 762 115

90 807 92 810 ψ
133 779 317 829 Virginis,
347 780 385 817 et
411 779 532 817 Verbo
561 777 697 818 struxit
723 777 880 825 puerilia
906 778 1084 815 membra.

33 823 36 826 ’
70 834 74 839 ”
133 834 220 881 Ipse
248 833 395 882 quidem
423 832 464 870 in
490 831 599 869 terris
627 831 763 870 virtute
791 832 828 869 et
855 830 1007 869 numine
1034 843 1210 879 praesens

132 888 280 935 Semper
307 887 414 924 adest
441 897 667 934 quocumque
695 884 790 923 loci:
822 896 889 923 1160
916 896 1004 932 pars
1031 885 1143 923 vacat
1169 885 1248 923 ulla

132 940 329 978 Maiestate
357 939 505 984 Patris;
536 950 722 987 nusquam
740 939 797 976 est
815 938 961 986 genitor
988 939 1088 977 Deus
1116 939 1271 977 absens:

132 995 203 1033 Per
217 994 379 1033 Verbum
394 993 459 1031 sed
473 1003 614 1040 semper
628 992 734 1030 adest
747 1005 756 1038 3
779 993 888 1040 atque
902 991 989 1029 inde
1004 992 1178 1040 Philippo
1199 992 1274 1030 120

133 1047 302 1086 Christus
329 1046 383 1084 ait
403 1046 478 1095 (2):
504 1059 526 1082 «
546 1046 666 1084 Tanto
693 1046 815 1084 tecum
842 1045 918 1083 iam
942 1046 1104 1094 tempore
1133 1057 1271 1093 versor,

130 1102 181 1139 Et
207 1101 357 1139 Patrem
383 1101 420 1138 te
448 1111 556 1138 nosse
584 1111 716 1148 negas,
747 1110 857 1147 quem
884 1099 1065 1147 perspicis
1093 1099 1133 1137 in
1162 1102 1247 1137 me?

130 1155 200 1193 Est
226 1153 428 1193 invisibilis
456 1154 592 1192 donum
621 1153 761 1198 Patris,
791 1153 894 1191 edere
923 1154 1054 1191 natum

129 1207 340 1255 Visibilem,
369 1219 434 1255 per
461 1219 569 1256 quem
596 1207 721 1245 valeat
748 1207 861 1245 Pater
888 1206 966 1254 ipse
993 1206 1126 1252 videri3

129 1262 209 1300 Nee
237 1261 325 1300 solis
353 1262 567 1300 sanctorum
594 1261 726 1308 oculis,
757 1261 822 1299 sed
848 1260 988 1298 lumine
1017 1260 1152 1299 cassis.
1195 1259 1271 1298 1-25

130 1316 327 1354 Caeoorum
354 1326 482 1354 caecos
508 1314 652 1364 loquor,
681 1316 763 1352 atra
790 1314 956 1353 socordia
983 1326 1138 1363 quorum

130 1369 245 1408 Corde
271 1369 464 1407 tenebroso
491 1380 618 1407 verum
645 1368 867 1416 perpendere
895 1368 1027 1406 nescit.

128 1423 243 1469 Quem
273 1422 333 1473 (3)
363 1422 396 1461 si
423 1422 654 1471 perspicuum
682 1422 901 1461 mortalibus
926 1421 1118 1469 infitiaris,

129 1477 222 1515 Fare
240 1488 324 1525 age,
346 1488 455 1525 quem
472 1476 598 1515 videat
615 1475 819 1525 Babylonis
837 1476 886 1514 ab
906 1487 988 1514 arce
1007 1477 1194 1525 tyrannus
1211 1476 1270 1526 (4)

127 1531 316 1569 Innocuas
343 1530 441 1568 inter
467 1530 638 1568 flammas
666 1530 794 1578 procul
821 1530 1107 1577 exspatiantem,
1194 1530 1271 1569 130

129 1584 342 1622 Calcantem
370 1583 518 1631 rapidos
545 1584 731 1622 inadustis
768 1583 828 1633 (5)
858 1583 1036 1622 fratribus
1065 1584 1187 1632 ignes.

127 1638 270 1686 Nempe
298 1638 374 1676 ait:
405 1659 459 1665 --
489 1651 512 1674 «
541 1649 562 1676 0
590 1648 770 1685 proceres,
791 1639 867 1676 tres
884 1638 993 1676 vasta
1011 1637 1184 1675 incendia
1204 1650 1270 1676 an-

1162 1690 1273 1743 [heus

169 1778 217 1819 (l)
239 1780 284 1810 Et
305 1780 374 1810 iam
396 1780 578 1819 falsiloqua
601 1781 661 1810 etc.
686 1780 722 1808 V.
748 1779 861 1810 1011111.
886 1780 1007 1817 Evang.
1033 1780 1060 1810 1.

169 1822 215 1860 (2)
240 1821 396 1852 Christus
417 1823 488 1853 ait:
512 1823 573 1852 etc.
598 1822 637 1852 V.
659 1823 774 1854 ΙοΑΝΝ.
798 1822 883 1862 XIV,
909 1823 959 1857 10,
979 1822 1031 1852 11.

168 1862 216 1902 (3)
238 1865 338 1901 Quem
361 1863 433 1895 scil.
449 1863 565 1894 Filium
578 1864 674 1896 Dei...
692 1864 920 1900 infitiari8.——·
931 1864 1072 1895 oasam
1089 1865 1267 1902 inficiaris.

0 1941 1 1949 ἵ
59 1902 62 1906 ’
126 1904 186 1936 Sed
209 1906 329 1936 Fzs'rvs
350 1906 384 1936 et
407 1906 573 1937 MANV-nvs
595 1906 722 1937 verbum
745 1914 800 1944 per
822 1907 845 1936 T
867 1906 963 1937 scribi
984 1907 1128 1945 oportere
1142 1907 1268 1945 putant,

131 1947 206 1984 quia
226 1948 272 1977 sit
293 1956 312 1977 a
333 1947 446 1979 fateor.

167 2000 214 2039 (4)
236 2003 424 2039 tyrannus.-
446 2001 516 2031 scil.
540 2012 558 2030 «
582 1999 864 2032 Nabuchodonosor
887 2013 904 2030 »
929 2001 1052 2040 (Glossa
1079 2002 1196 2043 vetus),
1214 2003 1267 2040 qui

129 2042 245 2073 mentis
266 2042 383 2073 lumine
405 2043 452 2073 ita
466 2044 580 2082 captus
600 2044 682 2080 erat,
698 2046 735 2074 ut
749 2051 801 2074 res
815 2044 854 2074 ad
869 2044 1051 2081 religionem
1073 2052 1176 2074 veram
1197 2053 1265 2083 spe-

129 2084 252 2114 ctantes
272 2085 402 2114 minime
424 2086 601 2117 cerneret.·
626 2085 663 2115 V.
689 2086 822 2115 Duum„
847 2086 902 2117 111.

170 2125 216 2165 (5)
240 2126 432 2156 inadustis.-
454 2127 567 2158 Italice
590 2143 628 2148 —
653 2127 925 2158 incombustibili.
949 2126 986 2158 V.
1009 2127 1096 2158 Ovid.
1119 2126 1191 2163 XII,
1209 2128 1261 2160 95.
