1566 2482
299 131 347 168 76
672 142 822 169 Avnssmi
864 142 1065 170 PRvnENTn

294 249 474 287 Vindicat
500 249 669 298 imperio,
700 261 767 288 nec
796 262 955 297 summa,
987 262 1054 290 nec
1081 252 1207 290 omnia
1233 254 1406 300 possunt.

295 303 361 340 Ius
389 303 534 341 varium
562 314 637 341 non
664 305 722 341 est
740 303 905 352 plenum,
923 304 1011 352 quia
1028 315 1105 343 non
1123 305 1236 344 habet
1263 306 1357 344 alter
1384 306 1436 345 25

293 356 480 404 Quidquid
508 356 647 405 disparv
663 357 788 403 habet3
819 357 1006 396 cumulum
1035 358 1209 397 discretio
1237 359 1369 408 carpit.

295 410 374 447 Nos
402 411 553 458 plenum
582 410 676 448 sine‘
691 411 795 458 parte
825 411 943 449 Deum
969 413 1150 450 testamur
1176 414 1213 450 et
1240 425 1372 460 unum,

227 458 231 459 ⁷
293 464 342 501 In
371 475 442 511 qno
463 464 633 502 Christus
661 464 775 510 inest,
797 464 894 503 idem
923 476 1065 514 quoqne
1085 467 1219 514 plenus
1238 468 1275 505 et
1292 479 1415 506 unus:

292 517 363 563 Qui
390 517 492 566 viget
519 529 562 556 ac
591 517 714 565 viguit
741 529 850 565 super
878 518 1018 566 omnia,
1050 520 1186 568 quique
1215 520 1372 569 vigebit,

296 570 519 619 Participem
547 571 693 609 nullum
720 571 866 609 conlato
894 572 1036 611 foedere
1063 585 1210 621 passus.
1351 609 1355 612 .
1385 574 1436 613 30

292 625 442 662 Summa
469 626 711 672 potestatum,
741 625 898 672 simplex
926 625 1131 665 dominatio
1158 638 1298 674 rerum,

292 677 484 716 Virtutum
512 678 670 716 sublime
698 680 824 725 caput,
855 678 939 717 fons
968 680 1101 718 unicus
1130 680 1244 727 orbis,

294 731 491 769 Naturalis
519 743 626 780 apex,
657 731 876 780 generisque
904 734 941 770 et
968 733 1125 782 originis
1153 735 1300 780 auctor3

293 785 349 822 Ex
377 795 448 833 quo
475 787 612 823 cuncta
639 785 760 823 fluunt
778 786 814 823 et
833 785 897 823 lux
913 784 991 836 (1),
1013 788 1050 824 et
1067 788 1249 841 tempora,
1271 789 1309 826 et
1327 788 1434 836 anni,

293 838 341 875 Et
360 849 536 876 numerus
555 853 562 876 :
586 838 649 886 qni
663 840 748 886 post
759 838 902 887 aliquid
917 839 1019 878 dedit
1032 851 1112 878 esse
1126 841 1352 880 secundum:
1385 843 1435 880 35

294 891 400 930 Unus
428 892 526 930 enim
554 893 724 939 princeps
753 892 897 930 numeri
924 894 996 940 est,
1026 905 1094 931 nec
1123 894 1348 933 dinumerari
1429 935 1433 940 ,

293 946 455 983 Tantum
491 958 588 984 unus
621 947 719 993 potis
752 947 823 986 est.
855 946 941 994 Sic,
973 959 1086 995 quum
1115 949 1228 986 Pater
1263 960 1307 987 ac
1336 949 1437 988 Deus

1328 1000 1440 1053 [alter

292 1053 379 1090 Non
408 1052 472 1099 sit,
503 1052 590 1090 item
621 1053 791 1091 Christus
819 1064 895 1091 non
923 1053 974 1091 sit
1000 1054 1168 1102 genitore
1197 1056 1399 1102 secundus,

292 1105 467 1144 Anterior
495 1117 648 1144 numero
675 1107 746 1153 est,
777 1106 838 1144 cui
869 1107 989 1146 Filius
1017 1108 1151 1146 unicus
1178 1108 1246 1146 uni
1264 1110 1322 1148 est
1351 1109 1426 1160 (2).

292 1159 362 1197 Ille
392 1160 506 1206 Deus,
523 1160 725 1207 meritoque
753 1160 868 1207 Deus,
887 1161 975 1209 quia
1002 1161 1145 1209 primus
1172 1163 1209 1200 et
1235 1174 1349 1201 unus.
1384 1164 1436 1202 40

291 1213 339 1250 In
367 1212 503 1251 virtute
532 1225 601 1251 sua
627 1213 792 1261 primus3
823 1215 904 1251 tum
931 1214 1074 1262 primus
1101 1214 1142 1253 in
1171 1215 1251 1263 illo,

293 1267 408 1312 Quem
427 1267 580 1314 genuit:
603 1266 693 1314 quid
711 1266 810 1304 enim
832 1267 952 1306 differt
970 1269 1161 1316 generatio
1181 1269 1337 1317 simplex
1349 1269 1438 1319 (3)?

293 1321 418 1358 Unum
446 1331 590 1368 semper
617 1321 687 1358 erit
714 1321 890 1369 gignens,
921 1323 1032 1370 atque
1060 1334 1158 1360 unus
1187 1323 1235 1361 ab
1261 1334 1336 1361 uno

292 1374 391 1412 Ante
419 1374 532 1411 chaos
560 1374 710 1422 genitus
731 1374 807 1423 (4),
829 1386 1052 1424 numeroque
1070 1378 1107 1414 et
1134 1378 1299 1425 tempore
1324 1376 1433 1416 liber.

292 1427 383 1473 Quis
411 1427 549 1465 dixisse
578 1428 668 1465 duos
697 1439 773 1466 rem
802 1428 995 1467 maiestate
1023 1430 1092 1468 sub
1119 1442 1197 1468 una
1382 1431 1433 1468 45

357 1580 402 1618 (1)
425 1581 478 1610 Ex
499 1590 561 1619 quo
583 1584 699 1610 cuncta
719 1583 831 1619 fluunt
853 1585 882 1611 et
904 1583 965 1612 lux
988 1584 1050 1615 etc.
1076 1583 1112 1612 V.
1136 1583 1226 1615 IoAN.
1250 1593 1279 1614 c.
1301 1584 1329 1615 Ι.

357 1622 403 1660 (2)
424 1623 478 1651 cui
490 1623 602 1653 Filius
618 1624 738 1653 unicus
752 1627 810 1654 est.
830 1625 926 1654 Deum
942 1634 1046 1654 unum
1063 1625 1202 1663 proprie:
1228 1625 1342 1655 Filium
1360 1627 1432 1656 uno·-

293 1673 366 1692 cum
389 1664 504 1694 scribit
524 1665 625 1702 poeta.
650 1665 791 1695 Etenim:
816 1666 970 1697 Dicimus
985 1667 1119 1696 unicum
1135 1667 1257 1704 filium,
1273 1668 1354 1706 quia
1368 1677 1434 1698 non

293 1709 372 1734 sunt
386 1706 499 1743 plnres
519 1706 586 1742 filii
602 1707 637 1735 in
652 1706 778 1736 divinis
784 1717 798 1744 ‚·
818 1717 918 1746 neque
941 1711 1048 1738 tamen
1063 1708 1205 1738 dietmus
1219 1710 1337 1745 Deum,
1353 1710 1434 1748 quia

287 1746 447 1785 pluribus
459 1747 619 1777 divinitas
642 1751 688 1777 est
711 1750 904 1779 communis.
925 1750 955 1782 S.
980 1751 1081 1780 Tuom.
1097 1750 1124 1780 Ι.
1140 1750 1176 1781 P.
1193 1749 1318 1788 Quaest.
1335 1751 1432 1787 xxxI,

294 1789 356 1820 art.
382 1788 423 1820 11.

357 1829 401 1868 (3)
423 1831 591 1867 yeneratio
613 1831 765 1869 simplex.
796 1832 840 1861 De
869 1840 927 1868 qua
956 1830 1019 1864 cfr.
1044 1831 1077 1862 S.
1101 1832 1238 1863 Avovsr.
1261 1834 1310 1863 De
1333 1834 1431 1864 Civit.

263 1888 266 1892 ·
293 1872 367 1905 Dei,
394 1871 450 1908 XI,
475 1878 502 1902 c.
528 1872 579 1902 10.

357 1913 404 1952 (4)
427 1914 513 1943 Ante
534 1914 631 1944 chaos
642 1914 787 1952 yenitus.
804 1914 978 1950 Ausonius,
997 1916 1053 1945 aut
1068 1915 1147 1945 alius
1162 1917 1253 1954 poeta
1267 1916 1431 1947 Prudentii

293 1955 442 1991 aequalis,
469 1955 545 1986 haee
567 1956 604 1985 de
628 1956 761 1986 VERBO
783 1956 915 1986 cecinit:

666 2007 684 2026 «
710 2020 718 2028 .
743 2019 752 2029 .
777 2020 784 2029 .
807 1998 975 2035 generatus
998 1998 1028 2027 in
1054 1998 1108 2028 illo

358 2035 540 2075 >Tempore,
564 2047 623 2076 quo
646 2039 768 2078 tempus
790 2039 925 2070 nondum
948 2039 1028 2074 fuit:
1053 2040 1156 2071 editus
1177 2041 1253 2071 ante

376 2078 472 2118 Quam
496 2080 598 2117 iubar,
622 2083 654 2110 et
677 2081 790 2111 rutilus
812 2081 929 2111 coelum
952 2081 1127 2112 illustraret
1147 2085 1281 2114 eon-³...»
