1566 2482
464 26 479 42 ἔ
488 27 543 51 {3⁸1ss
611 39 641 56 ,ξς
654 34 666 37 “’

410 168 446 196 A.
475 148 678 195 annmrr
704 164 991 194 PsvcflomcmA
1205 153 1285 193 127

713 371 734 409 I

259 461 452 512 FIDE1*)
482 462 545 500 ET
572 460 960 501 IDOLOLATRIAE
990 461 1168 499 PVGNA

141 553 270 593 Prima
296 553 391 601 petit
418 563 592 600 eampum
619 550 735 589 dubia
762 550 833 589 sub
861 551 958 588 sorte
986 549 1103 589 duelli

142 607 365 656 Pugnatura
391 606 519 653 Fides,
550 604 694 654 agresti
720 603 873 642 turbida
899 604 1004 642 cultu
1033 604 1109 652 (1),

140 661 254 700 Nuda
281 661 469 708 humeros,
500 659 654 699 intonsa
682 670 825 710 comas2
852 660 1000 698 exserta
1025 658 1201 705 lacertos,

142 716 315 763 Namque
342 714 560 763 repentinus
586 712 712 751 laudis
739 712 840 751 calor
858 712 918 750 ‘ad
944 723 1044 750 nova
1069 711 1219 751 fervens

142 769 305 816 Proelia,
337 780 404 807 nec
431 767 518 806 telis
546 767 731 814 meminit,
763 778 832 805 nec
859 766 1023 815 tegmine
1051 766 1174 814 cingi3
1240 767 1289 804 25

144 824 296 862 Pectore
325 823 390 861 sed
416 822 551 868 fidens,
581 820 721 867 valide,
752 820 999 868 membrisque
1026 820 1176 859 retectis

144 878 327 916 Provocat
353 875 483 914 insani
509 875 720 927 frangenda
745 873 910 922 pericula
935 873 1039 912 belli.

143 932 238 970 Ecce
264 930 511 968 lacessentem
538 928 698 967 conlatis
724 927 868 966 viribus
896 927 1009 966 audet

143 985 271 1024 Prima
298 983 405 1022 fflrire
433 983 563 1022 Fidem
589 984 754 1021 veterum
781 982 929 1021 cultura
956 982 1119 1020 deorum.

142 1039 219 1078 Illa
238 1039 297 1086 (2)
326 1037 462 1076 hostile
481 1037 608 1085 caput,
631 1036 898 1084 phalerataque
917 1037 1083 1083 tempora
1101 1035 1213 1074 vittis
1241 1037 1292 1074 30

142 1092 266 1131 Altior
294 1092 495 1139 insurgens
522 1090 742 1137 labefactat,
774 1090 812 1128 et
840 1101 920 1136 ora,
950 1100 1078 1128 eruore

145 1147 200 1185 De
227 1145 409 1194 pecudum
437 1144 592 1191 satiata,
622 1144 700 1183 solo
729 1143 910 1192 adplicat,
939 1145 977 1182 et
1002 1143 1093 1191 pede
1121 1143 1244 1181 calcat

144 1199 268 1238 Elisos
295 1199 336 1237 in
364 1199 519 1237 mortem
547 1198 687 1245 oculos,
718 1197 956 1247 animamque
983 1197 1192 1245 malignam

146 1254 282 1292 Fracta
309 1252 506 1300 intercepti
533 1251 754 1291 commercia
781 1250 947 1300 gutturis
975 1252 1118 1298 artant,

145 1306 413 1355 Difficilemque
441 1306 583 1345 obitum
611 1305 774 1354 suspiria
800 1305 917 1354 longa
946 1304 1005 1355 (3)
1035 1304 1214 1354 fatigant.
1242 1306 1292 1343 35

145 1360 321 1399 Exsultat
347 1359 480 1399 victrix
506 1359 620 1409 legio,
651 1371 764 1408 quam
791 1358 893 1397 mille
912 1360 1082 1398 coactam

147 1413 376 1463 Martyribus
402 1413 536 1462 regina
562 1413 672 1452 Fides
698 1413 888 1451 animarat
915 1412 955 1450 in
982 1413 1151 1451 hostem:

147 1469 252 1507 Tunc
278 1468 393 1507 fortes
422 1467 539 1506 socios
567 1469 677 1516 parta
704 1478 770 1515 pro
797 1467 909 1505 laude
936 1468 1091 1505 coronat

148 1522 334 1569 Floribus,
365 1521 584 1570 ardentique
612 1521 714 1559 iubet
740 1520 910 1559 vestirier
937 1521 1036 1559 ostro
1067 1521 1142 1570 (4).

210 1610 224 1624 *
248 1610 355 1639 Fidei.
378 1601 515 1639 Primam
530 1609 621 1639 nobis
636 1608 688 1638 hic
703 1608 794 1638 offert
814 1609 906 1646 pof‘ta
920 1609 1198 1646 concertationem,
1215 1618 1294 1646 quae

149 1653 198 1683 est
209 1652 294 1683 inter
305 1651 413 1682 Fidem
431 1662 449 1680 «
462 1651 617 1681 humanae
631 1650 744 1680 salutis
756 1650 897 1685 initium,
911 1650 1146 1681 fundamentum
1159 1661 1188 1681 ».
1206 1651 1296 1687 (Vide

148 1694 276 1725 Concu„
293 1694 443 1724 Tamum.
467 1693 487 1732 ξ
508 1693 562 1728 VI,
586 1702 615 1723 c.
633 1692 664 1731 8)
687 1693 721 1723 et
740 1691 965 1728 Idololatriam,
993 1689 1295 1738 Εἰδωλολατρεὶαν

148 1752 202 1774 seu
225 1742 377 1773 idolorum
401 1741 532 1772 cultum.

213 1785 258 1822 (1)
280 1785 404 1823 agresti
419 1783 556 1813 turbida
570 1783 675 1814 cultu.
691 1781 842 1819 Turbida.
857 1791 911 1813 seu
925 1783 1041 1817 anxia;
1067 1783 1148 1820 quod
1169 1782 1295 1813 evenire

148 1827 312 1857 consuevit
331 1827 443 1856 statim
465 1826 498 1856 in
518 1825 619 1863 primo
641 1833 763 1863 pugnae
783 1833 959 1862 congressu.
984 1841 1024 1846 —
1047 1826 1172 1863 ayresei
1186 1825 1294 1861 cultu,

149 1868 285 1906 simplici
306 1867 390 1898 cultu
412 1869 445 1897 et
465 1868 622 1897 inornate.

215 1910 262 1948 (2)
283 1909 354 1940 illa.
378 1909 452 1940 Scil.
475 1908 587 1939 Fides.

213 1952 258 1989 (3)
279 1951 431 1990 suspiria
453 1951 561 1989 lonqa.
585 1949 686 1981 Multa
699 1949 824 1980 saecula
839 1951 1039 1986 effluxerunt,
1055 1949 1249 1987 multumque
1263 1951 1296 1980 et

151 1993 268 2024 acriter
282 1994 452 2030 pugnatum
467 1994 515 2023 est
529 1993 696 2030 antequam
710 1992 806 2022 Fides
820 1992 858 2022 de
872 1992 1019 2023 salsorum
1033 1991 1193 2022 numinum
1208 1991 1295 2023 cultu

150 2034 346 2073 triumphum
369 2034 562 2072 deportaret.

212 2075 264 2116 (4)
287 2076 480 2115 ardentique
499 2079 596 2108 ostro.
620 2075 759 2112 Ostrum,
782 2075 893 2106 ardens
916 2076 1000 2106 color
1021 2076 1071 2106 est
1086 2099 1094 2111 ‚
1111 2076 1165 2112 qui
1194 2075 1296 2106 oculos

153 2119 186 2150 in
197 2127 230 2150 se
250 2118 342 2149 facile
354 2118 524 2155 convertit,
534 2118 732 2157 conspicuus:
748 2127 803 2149 nos
818 2118 921 2149 colore
935 2119 1114 2149 vivissimo.
1130 2117 1196 2149 Hoc
1205 2126 1296 2149 sensu
