1566 2482
242 23 257 39 ,-
345 0 1090 44 Ἑππςψῖῗωᾞψφῆξ-Ἷῗ“’“
1112 0 1169 26 ΓῪ
1193 7 1203 18 ”
1219 0 1305 15 ”³³

288 30 434 62 2*5-‘.
489 38 562 55 '5³'
618 34 622 39 .
665 30 754 76 ξμς...
852 31 929 70 „¹5¹
979 40 981 42 η
1031 34 1074 36 .,
1197 31 1205 34 .

612 198 834 228 1101330313
1073 213 1078 218 -
1240 177 1289 225 5‘7

130 315 322 388 JPerspice
349 327 462 365 quam
488 314 612 354 varios
639 313 840 353 fundamus
868 314 916 353 ab
943 324 1002 353 ore
1030 324 1200 362 vapores,

148 370 340 419 Spiramus
367 369 512 419 quoties
529 368 686 422 {nimae
714 367 909 407 sufflabilis
936 363 1078 460 amasii]

118 389 132 496 s
148 424 262 463 Nunc
288 423 420 462 flatum
445 423 612 471 tepidum
638 422 738 462 calor
765 422 960 461 exhalatus
988 434 1037 459 an
1066 421 1154 460 elat.

119 497 121 500 ·
147 479 331 517 Rorantes
358 477 514 516 nebulas
541 477 625 515 udis
653 477 697 515 de
724 476 894 515 faucibus
922 475 1074 514 efflans:
1214 475 1290 514 840

148 532 269 578 Quum
295 531 387 570 libet
415 530 492 581 (1),
522 531 564 569 in
591 530 757 580 gelidum
783 530 932 569 flabrali
958 529 1093 579 frigore
1114 531 1265 568 ventum

147 585 309 634 Spiritus
337 585 465 624 existit
489 585 630 637 tenuis,
660 585 697 623 et
723 584 852 623 sibilat
878 588 953 623 361.

147 639 255 677 Adde
283 639 321 677 et
347 639 581 687 distinctum,
612 650 720 687 quem
747 637 891 677 musica
917 637 1013 676 tibia
1040 637 1172 675 flatum

149 692 331 741 Concipit3
362 693 431 732 aut
457 692 520 731 ille
547 693 606 732 est
631 703 759 740 presso
787 691 1037 731 modulamine
1063 703 1212 739 parcus,

148 747 228 785 Aut
242 746 427 785 tumidum
440 747 547 796 largo
566 746 744 785 sublimat
761 746 912 784 flamine
929 745 1103 784 bombum
1124 745 1199 794 (2),
1214 745 1290 783 845

148 800 228 838 Aut
253 812 384 839 raucos
411 801 556 850 frangit
582 799 764 848 modulos,
795 801 862 838 aut
887 800 970 838 lene
997 801 1181 846 susurrat,

128 854 227 906 {Aut
253 853 346 892 exile
373 855 528 893 trahens
557 854 703 893 sonitus
731 853 902 902 producit
930 855 1073 900 acutos,

128 894 227 949 LAut
254 919 420 947 murmur
446 910 614 947 tenerum
640 907 798 946 sublidit
821 918 911 948 voce
938 907 1097 945 minuta.

147 961 252 1000 Haec
279 973 393 1010 quum
418 963 455 1000 te
482 962 610 1001 videas
636 961 784 1000 mortali
810 961 852 999 in
878 972 1026 1009 corpore
1054 972 1182 1008 posse,

148 1015 221 1053 Cm·
247 1026 325 1054 non
352 1017 554 1054 Aeternum
580 1014 747 1064 potuisse
774 1014 970 1053 infundere
998 1015 1142 1061 credas,
1214 1014 1291 1052 850

145 1068 301 1115 Qualem
313 1069 478 1108 animam
493 1069 634 1108 voluit?
646 1068 886 1118 praescriptis
901 1080 1011 1117 quam
1028 1068 1116 1117 quia
1129 1068 1292 1107 condens
1351 1106 1364 1118 .

146 1121 311 1170 Efflavit,
342 1122 509 1172 fuditque
536 1123 670 1170 modis,
701 1123 752 1162 sit
779 1122 880 1162 facta
908 1134 1056 1161 necesse
1084 1123 1155 1160 est.

147 1176 314 1225 Denique
341 1177 461 1215 multa
488 1177 602 1225 sapit,
624 1177 689 1215 sed
715 1188 791 1215 non
818 1176 918 1225 sapit
945 1176 1084 1223 omnia,
1116 1176 1265 1229 nostrae

146 1229 216 1268 Vis
243 1229 578 1280 animaeffertum
605 1243 734 1279 sapere
762 1242 806 1269 ac
833 1241 1072 1279 praenoscere
1099 1229 1218 1283 111331ιρἼ

146 1284 245 1332 Iam,
266 1284 328 1323 cui
354 1285 476 1324 certus
503 1284 605 1324 inest
631 1285 777 1333 modus,
799 1286 835 1324 et
863 1284 923 1324 cui
951 1295 1058 1323 nosse
1086 1285 1266 1332 negatum

1129 1339 1187 1376 est
1214 1338 1290 1376 855

147 1391 298 1440 Omnia,
306 1391 453 1431 factura
470 1393 527 1431 est
537 1392 620 1442 (3)·
634 1390 727 1445 lnam
744 1392 895 1432 condita
914 1393 951 1431 et
967 1393 1079 1431 aucta
1096 1336 1291 1440 p[r0bat1ui

148 1445 289 1495 Collige
317 1447 360 1485 de
388 1446 518 1494 simili,
548 1447 646 1486 sitne
673 1447 766 1486 haec
791 1446 952 1486 factura,
984 1445 1132 1485 Creavit

147 1500 290 1548 Nempe
316 1512 451 1539 manus
480 1477 633 1540 Domini
658 1512 791 1549 corpus
818 1500 974 1540 mortale
1001 1500 1193 1549 lutumque

149 1553 363 1602 Composuit
389 1554 534 1603 digitis,
565 1555 746 1604 numquid
772 1566 906 1593 manus
934 1553 1163 1593 articulatim

147 1607 218 1646 Est
231 1607 378 1656 digesta
391 1607 480 1646 Dei?
493 1608 674 1656 numquid
687 1608 791 1647 vola?
804 1608 986 1656 numquid
998 1609 1035 1646 et
1047 1619 1194 1657 ungues
1213 1608 1290 1646 860

149 1660 326 1700 Claudere
345 1660 555 1700 flexibiles?
573 1661 743 1711 patulam
768 1673 832 1701 seu
849 1661 999 1701 tendere
1021 1661 1081 1712 (4)
1101 1661 1292 1710 palmam?

190 1765 234 1805 (1)
265 1764 374 1803 Quum
407 1765 494 1803 libet,
521 1766 559 1796 in
590 1766 737 1805 yelidum
771 1767 833 1798 etc.
865 1775 943 1804 quae
971 1766 1066 1796 verba
1093 1765 1292 1796 intellectum

148 1806 230 1839 hunc
252 1807 386 1839 habent:
411 1808 534 1846 quoties
555 1808 708 1846 volumus,
733 1817 771 1839 ex
793 1817 845 1839 016
868 1808 960 1838 flatus
975 1807 1148 1846 emittitur,
1165 1807 1219 1846 qui
1235 1808 1290 1838 fri·

148 1849 261 1887 genam
285 1849 375 1888 plane
396 1851 434 1880 ut
453 1850 540 1881 cibus
562 1851 681 1881 calidus
700 1831 834 1881 ’efflando
855 1850 992 1889 tepidior
1011 1850 1066 1881 sit.

191 1891 237 1931 (2)
265 1891 427 1923 bombum.
451 1891 565 1923 Graece
581 1890 728 1939 βόμβος,
759 1894 808 1923 est
821 1901 883 1923 vox
904 1901 920 1923 6
942 1900 1018 1923 sono
1039 1892 1187 1928 11613,111·,
1200 1890 1292 1923 Italis

149 1939 271 1977 bombo,
285 1939 472 1976 m’mbombm
487 1905 649 1971 bombirpe
646 1943 708 1972 etc.
734 1940 830 1971 Vetus
852 1940 962 1971 Glossa
983 1940 1034 1970 hic
1057 1939 1170 1970 habet:
1191 1950 1208 1968 κ
1237 1938 1291 1970 So-

148 1982 376 2056 rssLtlgglugox-:m
397 1982 444 2012 vel
473 1982 596 2020 tibiae3
621 1983 654 2013 et
682 1982 803 2013 Eninus
834 1982 973 2031 sonitum
1006 1982 1121 2022 pedum
1148 1981 1289 2022 appellat

192 2065 238 2104 (3)
259 2066 392 2104 factura
413 2068 470 2098 est.
493 2065 589 2099 scil.-
617 2077 634 2095 κ
656 2066 711 2098 Dei
733 2076 752 2096 »
770 2067 840 2097 Vet.
859 2066 978 2097 Glossa.

191 2107 238 2147 (4)
267 2107 466 2141 claudere..
483 2108 808 2140 tendere.1nfinitiva
823 2108 988 2147 historica,
1005 2116 1084 2147 quae
1103 2108 1288 2148 diceremus,

150 2158 207 2189 pro
240 2160 258 2179 α
278 2131 492 2185 claudam-t..
503 2150 696 2184 ..tundebat
721 2161 739 2181 »
762 2150 977 2185 vet.G10ssa.
