1566 2482
303 164 380 203 238
681 172 834 201 Avssum
859 170 1065 200 annnwm

355 266 502 313 Restat,
531 265 575 303 ut
600 265 637 302 et
663 263 783 302 fatum
810 262 944 302 similis
971 260 1156 301 dementia
1183 261 1328 301 cunctis

357 319 523 359 Aedibus
540 317 722 366 imponat,
742 316 865 366 paries
882 317 926 354 ut
953 315 1107 364 quisque
1134 314 1203 354 sub
1229 316 1331 354 astro
1357 315 1435 353 450

358 373 551 412 Fundatus
577 372 811 420 structusque
840 380 922 417 suo,
952 381 1026 418 qua
1053 369 1149 408 sorte
1177 369 1362 407 maneret:

359 426 511 474 Quando
538 426 662 463 autem
687 425 820 470 rueret,
850 423 979 472 primis
1006 421 1187 470 acceperit
1213 421 1327 460 horis.

359 479 588 521 Adscribunt
615 477 729 524 saxis,
759 476 934 516 Lachesis
964 475 1014 524 (1)
1044 475 1139 514 male
1166 474 1277 514 fortia
1303 475 1382 522 fila,

360 534 624 580 'rectorumque
651 530 775 569 trabes
801 530 897 569 fusis
923 530 1078 578 pendere
1105 529 1237 567 rotatis

362 587 539 633 Credunt,
560 586 670 633 atque
697 583 791 632 ipsis
815 583 988 622 tribuunt
1014 583 1159 621 decreta
1184 581 1339 630 tigillis:
1361 582 1437 619 455

362 641 435 679 Ceu
463 639 589 686 distet,
619 637 725 677 cuius
752 636 879 675 stellae
907 636 956 675 sit
983 635 1152 674 fraxinus
1180 636 1263 673 ortu

362 695 493 740 Eruta,
523 703 616 741 quae
644 702 827 730 summum
854 690 1111 728 conscenderet
1138 688 1253 726 ardua
1279 688 1440 727 culmenss

311 747 474 794 Denique
501 745 606 784 nulla
633 743 825 783 hominum
851 755 910 781 res
936 744 1007 790 est,
1038 742 1142 780 nulla
1169 741 1265 780 actio
1291 741 1437 788 mundi,

363 800 431 839 Cui
458 810 533 838 non
560 798 711 836 fatalem
738 797 939 835 memorent
965 795 1172 834 incumbere
1199 796 1348 841 sortem,

363 855 462 900 Quae
490 851 577 901 quia
604 851 850 897 constituunt,
880 850 1021 896 dicant,
1042 860 1108 887 cur
1133 848 1283 887 condita
1307 848 1358 886 sit
1384 847 1441 886 lex

319 902 325 909 “
360 907 426 945 Bis
447 918 509 944 sex
524 905 564 943 in
582 905 722 943 tabulis
742 905 817 952 (2):
840 904 906 941 aut
924 914 989 941 cur
1006 901 1154 941 rubrica
1172 902 1345 948 minetur,

364 961 464 1007 Quae
491 958 660 1007 prohibet
686 969 835 1006 peccare
862 967 957 1002 reos,
987 967 1078 1004 quos
1105 955 1222 993 ferrea
1249 954 1329 993 fata

364 1014 511 1062 Cogunt
538 1013 586 1050 ad
613 1011 774 1058 facinus,
805 1011 842 1048 et
868 1009 1082 1048 inevitabile
1111 1010 1296 1057 mergunt.

366 1067 463 1113 Quin
490 1067 528 1103 et
554 1065 646 1104 velle
673 1064 846 1113 adigunt,
866 1074 1021 1111 pravum
1048 1062 1282 1100 insinuantia
1298 1061 1441 1104 votum,

366 1121 425 1159 Ne
452 1118 564 1157 liceat
591 1118 736 1156 miseris
763 1116 917 1155 vetitum
943 1115 1168 1154 committere
1195 1114 1307 1153 nolle.
1366 1114 1442 1151 465

366 1173 505 1219 Cedite,
528 1172 560 1210 si
580 1172 696 1219 pudor
714 1172 784 1217 est,
807 1169 1044 1218 gladiumque
1061 1168 1245 1206 retundite
1264 1169 1441 1206 vestrum:

365 1228 508 1274 Aspera
535 1225 590 1263 nil
617 1224 767 1262 meritos
794 1222 921 1271 poenis
948 1221 1148 1270 plectentia
1173 1221 1275 1259 iura:

365 1281 527 1318 Antrum
553 1289 761 1316 carcereum
789 1275 994 1321 dissolvite,
1025 1285 1176 1323 corpora
1204 1275 1273 1313 sub
1301 1285 1372 1322 quo

367 1331 543 1381 Agminis
569 1330 719 1370 innocui
746 1329 823 1368 fato
850 1329 1024 1377 peccante
1051 1328 1197 1366 tenetis.

367 1387 486 1425 Nemo
511 1396 662 1431 nocens,
693 1384 725 1422 si
753 1383 832 1421 fata
859 1382 1008 1430 regunt,
1030 1381 1127 1429 quod
1144 1380 1295 1428 vivitur,
1316 1391 1360 1419 ac
1379 1380 1442 1417 fit:

368 1440 487 1479 Immo
502 1450 638 1477 nocens
659 1439 727 1487 (3),
745 1436 961 1486 quicumque
977 1435 1117 1482 volens,
1135 1434 1234 1482 quod
1251 1434 1445 1539 n01[1licet‚

1320 1487 1445 1534 audet,

379 1613 423 1652 (1)
445 1610 600 1643 Lachesis
622 1618 684 1640 unu¹
706 1609 769 1639 fuit
789 1617 806 1639 e
827 1608 929 1638 tribus
950 1606 1073 1637 filiabus
1101 1606 1196 1636 Erebi
1218 1605 1252 1635 et
1273 1605 1393 1642 Noctis,
1409 1605 1446 1635 de

317 1661 429 1698 quibus
451 1660 487 1689 V.
510 1659 662 1689 Hromvs.
678 1657 754 1687 Eius
769 1664 877 1686 nomen
892 1655 941 1686 est
955 1663 974 1684 a
994 1646 1168 1693 λαγκὰνω,
1183 1652 1263 1690 quod
1277 1653 1377 1690 ipsam
1391 1652 1447 1682 fin-

271 1700 273 1704 ⁴
316 1703 430 1733 xerunt
445 1708 585 1739 praeesse
599 1699 733 1738 tempori
748 1699 854 1728 futuro
870 1696 1006 1726 hominis
1019 1696 1178 1733 cuiusque,
1193 1695 1261 1725 sive
1274 1693 1372 1731 felici,
1385 1694 1450 1724 sive

317 1744 513 1775 calamitoso.

378 1781 425 1824 (2)
447 1785 509 1814 Bis
529 1792 586 1813 εει
600 1783 636 1812 in
659 1781 799 1811 tabulis:
823 1779 990 1810 Duodecim
1005 1777 1184 1808 tabularum
1199 1777 1448 1807 decemviralium

317 1826 492 1864 frag-menta
506 1824 607 1854 adhuc
621 1824 798 1861 supersunt.
815 1822 879 1852 Has
892 1821 975 1858 leges
990 1819 1192 1857 amplissimis
1205 1818 1348 1848 laudibus
1361 1819 1452 1849 effert

318 1869 451 1898 TvLmvs
473 1868 504 1896 in
526 1866 633 1896 libris:
665 1875 682 1892 ‹<
706 1865 753 1894 De
785 1864 924 1894 Oratore
943 1878 982 1883 —
1011 1861 1161 1891 Rubrica
1189 1861 1293 1890 autem
1326 1862 1376 1890 est
1402 1859 1452 1889 in-

318 1910 460 1948 scriptio,
482 1908 608 1942 titulus,
631 1907 743 1936 lemma
765 1905 932 1934 cuiuslibet
951 1903 1132 1940 scriptionis
1146 1902 1238 1932 rubro
1254 1901 1355 1931 colore
1367 1901 1450 1940 capi-

318 1951 445 1981 tulatim
480 1959 530 1979 res
557 1949 740 1985 designans,
774 1955 854 1983 quae
883 1945 966 1975 infra
993 1944 1112 1982 scripta
1140 1943 1298 1981 leguntur.
1336 1943 1450 1976 Ivvmr,

319 1993 386 2024 Sat.
407 1991 492 2022 XIV.
517 1991 575 2021 192
597 1991 662 2020 ait:
691 2001 707 2018 ι(
730 1988 852 2027 perlege
874 1987 984 2017 rubras

403 2033 556 2062 Maiorum
577 2032 672 2069 leges.
696 2041 714 2058 »
735 2046 779 2052 —

385 2075 431 2112 (3)
452 2074 557 2103 Immo
576 2082 693 2103 nocens
706 2073 898 2111 quicumque
913 2069 1020 2099 volens
1033 2069 1097 2099 etc.
1114 2069 1151 2098 V.
1168 2067 1359 2106 flamm-tay.
1376 2065 1449 2098 688.

321 2118 354 2147 et
374 2117 406 2147 S.
429 2116 562 2147 Avcvsr.
583 2128 625 2143 =
648 2116 690 2145 De
711 2114 807 2145 civit.
829 2113 885 2144 Dei
911 2125 944 2136 z
969 2112 1005 2144 L,
1030 2111 1066 2148 V,
1088 2119 1116 2141 c.
1140 2111 1172 2143 9.
