1566 2482
609 230 897 259 PsrcnonAcmA
1248 221 1323 261 141

176 337 352 377 Delibuta
377 349 502 377 comas
531 337 605 391 (1),
637 339 762 378 oculos
789 351 903 389 vaga,
935 341 1118 390 languida
1144 354 1286 391 vocem,
1324 380 1332 385 ,

176 393 326 431 Perdita
353 392 510 438 deliciis,
541 392 639 432 vitae
665 393 726 432 cui
753 406 888 433 caussa
915 395 1102 444 voluptas,

174 446 368 485 Elumbem
394 445 538 485 mollire
566 447 747 495 animum,
774 448 988 497 petulanter
1015 461 1192 490 amoenas

173 500 334 539 Haurire
361 499 583 547 inlecebras,
613 503 650 540 et
678 501 816 541 fractos
844 502 986 542 solvere
1014 515 1163 543 sensus.
1243 505 1320 544 315

173 555 229 593 Ac
257 556 347 593 tunc
373 553 591 603 pervigilem
618 556 792 594 ructabat
817 557 982 595 marcida
1009 569 1176 606 coenam,

171 608 247 646 Sub
272 608 394 647 lucem
422 608 509 657 quia
535 608 630 648 forte
657 609 784 649 iacens
811 611 861 648 ad
887 610 1028 650 fercula
1055 624 1188 652 raucos

171 662 354 701 Audierat
378 661 504 710 lituos,
536 664 648 712 atque
677 663 762 702 inde
789 665 956 713 tepentia
984 665 1159 714 linquens

172 716 325 763 Pocula,
355 715 521 764 lapsanti
548 729 612 766 per
639 717 729 756 vina
755 719 792 756 et
819 719 990 757 balsama
1017 731 1149 768 gressu

170 769 285 808 Ebria
312 769 468 809 calcatis
495 771 543 808 ad
570 771 707 810 bellum
737 772 887 811 floribus
915 772 1008 811 ibat.
1241 775 1318 813 320

170 824 257 862 Non
286 825 412 862 tamen
440 824 508 862 illa
534 826 661 872 pedes,
692 826 757 864 sed
783 837 894 865 curru
920 826 1069 865 invecta
1097 829 1254 867 venusto

169 877 302 916 Saucia
330 877 532 916 mirantum
560 879 731 927 capiebat
758 880 870 918 corda
896 880 1072 919 virorum.

170 931 200 969 Ο
229 942 327 970 nova
354 932 549 980 pugnandi
577 933 744 981 species!
776 945 851 972 non
879 934 958 972 ales
986 935 1129 974 arundo

168 986 294 1023 Nervo
320 985 430 1033 pulsa
459 985 518 1035 (2)
549 986 662 1035 fugit,
693 999 760 1026 nec
790 987 950 1026 stridula
976 988 1108 1027 lancea
1134 990 1232 1027 torto

166 1038 313 1077 Emicat
339 1040 501 1085 amento,
532 1039 711 1079 frameam
738 1053 806 1080 nec
834 1041 963 1080 dextra
989 1042 1177 1089 minatur3
1236 1044 1313 1082 325

165 1092 235 1130 Sed
263 1092 382 1131 violas
408 1092 551 1132 lasciva
578 1093 683 1142 iacit,
705 1094 876 1143 foliisque
903 1106 1071 1134 rosarum

165 1145 345 1193 Dimicat,
375 1148 411 1185 et
438 1147 608 1186 calathos
634 1148 788 1187 inimica
815 1160 880 1197 per
907 1150 1062 1199 agmina
1089 1150 1228 1189 fundit.

163 1200 273 1247 Inde,
303 1199 503 1239 eblanditis
530 1201 746 1249 virtutibus,
777 1202 919 1242 halitus
947 1203 1034 1242 illex
1064 1203 1123 1253 (3)

163 1253 332 1301 Inspirat
358 1256 526 1292 tenerum
553 1255 739 1295 labefacta
766 1268 831 1304 per
858 1268 944 1296 ossa
972 1269 1173 1305 venenum,

163 1307 213 1345 Et
239 1307 334 1346 male
363 1308 483 1347 dulcis
511 1309 599 1348 odor
627 1310 753 1348 domat
781 1322 860 1358 ora,
882 1311 919 1349 et
936 1313 1098 1359 pectora,
1127 1313 1163 1350 et
1188 1323 1307 1357 arma,

162 1414 406 1464 Ferratosque
433 1417 531 1455 toros
561 1415 619 1467 (4)
649 1417 766 1457 obliso
792 1418 919 1457 robore
948 1419 1098 1458 mulcet.

163 1468 350 1507 Deiiciunt
378 1469 537 1517 animos,
567 1482 634 1510 ceu
660 1471 766 1519 victi,
796 1473 834 1511 et
860 1472 1005 1520 spicula
1032 1475 1179 1521 ponunt

160 1601 262 1623 rerum
284 1593 523 1630 abundantiam,
546 1602 624 1631 quae
645 1594 685 1625 ad
700 1595 817 1625 victum
840 1595 1019 1633 cultumque
1042 1597 1221 1628 mortalium
1238 1607 1306 1636 per·

162 1634 283 1668 tinent:
323 1643 384 1672 qua
405 1643 443 1665 ex
465 1635 662 1667 abundantia
683 1636 784 1667 mollis
819 1639 853 1668 et
873 1637 1009 1669 delicata
1046 1638 1206 1669 hominum
1239 1640 1306 1670 vita

160 1677 285 1707 exstare
306 1677 486 1711 consuevit;
509 1686 644 1716 namque
665 1679 703 1708 ob
725 1679 822 1709 nimis
854 1680 1024 1711 delicatam
1046 1682 1080 1711 et
1112 1681 1234 1713 mollem
1259 1682 1305 1712 vi-

161 1718 253 1748 vendi
275 1719 429 1749 rationem
451 1728 552 1750 mores
573 1719 665 1751 facile
693 1722 944 1759 corrumpuntur.
969 1722 1051 1752 Hinc
1071 1722 1201 1754 luxuria
1222 1724 1305 1762 apud

158 1761 327 1798 scriptores
354 1760 555 1797 christianos,
581 1771 640 1792 vox
661 1764 712 1793 est
732 1763 857 1794 detorta
879 1764 918 1794 ad
939 1763 1154 1795 faedissimum
1165 1766 1303 1797 omnium

158 1802 273 1832 vitium
295 1802 546 1839 significandum.

222 1844 269 1882 (1)
289 1844 437 1875 delibuta
457 1854 581 1876 comas:
608 1844 826 1893 ἑλληνισμός.

222 1891 268 1930 (2)
291 1900 388 1921 nervo
403 1892 520 1930 pulsa.
543 1892 655 1924 Omnes
670 1895 760 1925 codd.
786 1903 875 1925 m.ss.
892 1911 933 1919 --
958 1895 1132 1927 CaLLAvas
1154 1897 1302 1936 impulsa

159 1932 321 1969 praetulit,
352 1942 468 1964 memor
494 1934 627 1966 fortasse
647 1936 732 1966 illius
756 1934 951 1974 Virgilianae
973 1938 1142 1970 Aeneidos:
1167 1949 1185 1968 α
1208 1948 1302 1970 nervo

157 1982 212 2011 per
232 1975 345 2005 nubem
367 1975 501 2014 impulsa
521 1977 655 2014 sagitta.
680 1989 697 2006 »
719 1978 804 2017 (XII,
829 1979 915 2018 856).

220 2016 266 2055 (3)
288 2016 417 2047 halitus
436 2017 529 2048 illex.
552 2019 643 2055 mex,
667 2020 726 2050 icis
748 2029 787 2052 m.
811 2021 845 2051 et
867 2021 889 2051 s.
913 2021 982 2051 avis
1010 2021 1141 2058 dieitur,
1166 2031 1244 2060 quae
1266 2023 1299 2053 in

155 2058 299 2096 aucupiis
320 2058 460 2089 caeteras
482 2059 596 2091 inlicit.
620 2061 699 2092 Nos:
723 2063 854 2101 auqello
868 2063 906 2092 di
919 2064 1093 2099 richianw,
1108 2065 1164 2094 che
1178 2066 1300 2096 servaci

158 2097 195 2128 aa·
217 2100 338 2138 loqoro.
361 2099 525 2132 Adiective
545 2102 609 2132 vim
632 2102 729 2134 habet
749 2104 925 2136 inliciendi.
949 2105 987 2136 V.
1013 2105 1110 2137 Arva.
1134 2107 1244 2146 Apol„
1266 2108 1300 2139 et

155 2142 295 2172 nostrum
318 2141 440 2173 Contra
461 2143 648 2183 Symmach.
664 2145 708 2181 ΙΙ,
724 2146 757 2177 6.

219 2184 265 2222 (4)
286 2183 489 2224 ferratosque
511 2187 620 2217 toros:
642 2187 746 2224 duros,
770 2188 900 2226 rigidos.
