1566 2482
303 145 387 189 1196
688 156 841 185 Avnnm
867 156 1068 189 annmn
1106 139 1107 142 '
1167 171 1170 180 1
1216 139 1222 142 ⁴

359 264 517 304 Adscita
543 264 652 303 terris
681 265 750 302 sub
777 263 956 312 religione
983 264 1146 303 iacentes
1175 242 1251 314 (1).
1308 260 1313 265 ’
1368 272 1371 283 ¹

361 319 479 365 Quam
505 318 633 366 pudet,
664 317 733 356 hoc
761 317 838 356 illis
865 328 1095 365 persuasum,
1125 318 1265 357 talibus
1291 319 1335 357 ut
1360 330 1414 367 se,

306 396 307 399 =
359 373 619 420 Romanasque
647 370 748 409 acies
776 371 969 411 censerent
995 371 1131 409 Martis
1159 371 1282 410 amore
1345 369 1448 424 [285.

358 426 473 463 Posse
500 425 598 473 regi,
621 425 706 462 dum
735 435 774 462 se
802 424 968 472 Paphiae
986 424 1081 463 male
1107 424 1271 464 blandus
1290 424 1442 465 adulter

358 478 553 525 Venditat,
584 477 849 526 Aeneadasque
876 488 963 516 suos
991 477 1220 516 successibus
1247 479 1387 526 auget?

305 531 461 579 Felices,
492 531 525 570 si
553 532 687 570 cuncta
715 531 791 569 Deo
819 542 888 569 sua
914 542 1090 579 prospera
1118 530 1266 570 Christo
1292 563 1294 565 .

308 620 311 623 ,
358 585 532 633 Principe
560 584 741 632 disposita
768 583 949 623 scissent!
981 584 1045 632 qui
1072 596 1215 623 currere
1241 595 1360 632 regna
1378 582 1440 636 (2)

358 638 477 679 Certis
506 638 616 676 ducta
642 637 776 684 modis,
808 639 1128 686 Romanorumque
1156 637 1363 686 triumphos

359 692 526 731 Crescere
546 721 555 739 ,
601 692 638 730 et
683 690 848 738 impletis
894 691 1013 729 voluit
1045 703 1084 730 se
1130 690 1326 729 infundere
1358 701 1440 729 sae-

1137 743 1222 792 [clis
1251 744 1327 793 (3).
1358 744 1439 782 290

356 798 427 838 Sed
454 798 663 847 caligantes
691 797 838 835 animas
866 798 902 834 et
929 797 1009 835 luce
1037 797 1223 844 carentes,

357 852 406 891 In
433 851 535 890 Iovis
562 851 797 899 Augustique
824 850 961 898 adytis,
991 849 1210 898 templisque
1239 820 1395 889 duarum

356 905 545 943 Iunonum
573 905 647 953 (4),
669 903 872 951 Martisque
901 903 1013 941 etiam
1041 902 1265 952 Venerisque
1293 902 1441 942 sacellis

356 959 554 1005 Mactatas,
582 959 701 995 taetro
727 957 795 995 leti
821 956 1030 995 immersere
1057 957 1248 1004 barathro,

356 1012 572 1060 Supremum
598 1010 765 1059 regimen
791 1009 929 1048 crassis
956 1009 996 1047 in
1024 1009 1192 1057 partibus
1221 1009 1319 1048 orbis
1360 1010 1439 1048 295

354 1065 447 1103 Esse
473 1065 561 1112 rati,
591 1074 781 1111 mersoque
808 1062 884 1111 poli
911 1062 1112 1101 consistere
1139 1063 1269 1101 fundo.

301 1117 489 1174 Quidquid
521 1118 656 1156 humus
696 1117 771 1165 (5),
802 1115 982 1164 quidquid
1008 1116 1164 1164 pelagus
1190 1115 1362 1220 mira[bile
1379 1115 1436 1164 gi-

1297 1169 1436 1217 gnunt,

352 1223 400 1261 Id
428 1223 561 1261 duxere
591 1223 699 1261 deos:
730 1222 857 1268 colles,
888 1220 999 1268 freta,
1030 1221 1200 1269 fiumina,
1230 1222 1416 1261 flammas

349 1276 458 1317 Haec
487 1276 558 1315 sibi
585 1287 649 1324 per
676 1275 801 1314 varias
829 1274 989 1312 formata
1016 1275 1198 1313 elementa
1225 1275 1368 1323 figuras

354 1329 584 1368 Constituere
598 1330 735 1377 patres,
754 1328 1019 1377 hominumque
1033 1327 1216 1366 vocabula
1230 1328 1344 1367 mutis
1358 1328 1437 1367 300

351 1382 586 1430 scripserunt
611 1382 763 1429 statuis,
794 1381 854 1419 vel
882 1381 1101 1428 Neptunum
1129 1381 1338 1420 vocitantes

354 1436 559 1483 Oceanum,
589 1435 648 1474 vel
676 1446 837 1484 cyaneas
865 1446 958 1473 cava
984 1434 1141 1485 flumina
1168 1434 1380 1483 Nymphas,

361 1546 407 1586 (1)
428 1546 565 1577 Adscita
588 1547 688 1576 terris
702 1545 764 1575 sub
786 1545 943 1584 reliyione
959 1546 1109 1576 iacentes.
1124 1545 1287 1582 Hzmsws,
1310 1545 1344 1575 et
1358 1553 1436 1576 unus

295 1589 421 1620 tantum
442 1596 459 1618 e
480 1587 570 1618 codd.
592 1587 712 1618 Vaticc.
737 1586 795 1618 Sed
824 1595 894 1617 cum
919 1586 1154 1618 G1snnmobene
1166 1586 1437 1618 muitieadscitae

297 1630 411 1667 terris,
433 1629 556 1660 scilicet
576 1629 725 1666 famae...
749 1629 905 1659 adscitae.

361 1670 407 1711 (2)
431 1671 490 1710 qut·
510 1680 644 1702 currere
665 1679 778 1709 reyna.
806 1670 842 1700 V.
865 1670 897 1701 S.
920 1669 1140 1706 Amanum,
1165 1669 1211 1699 De
1234 1669 1331 1701 Civit.
1355 1669 1437 1706 Dei,

361 1753 407 1793 (3)
427 1753 611 1791 impletis...
633 1752 762 1783 saeclis.
787 1752 824 1782 V.
848 1751 1024 1783 Cathemer.
1048 1751 1106 1788 XI,
1130 1752 1182 1783 25.

360 1795 406 1835 (4)
426 1795 572 1825 duarum
589 1777 773 1824 'Iunonum
795 1792 904 1824 Aitera
926 1793 1009 1823 Iovis
1035 1801 1120 1824 soror
1152 1793 1185 1823 et
1218 1800 1307 1830 uxor,
1331 1793 1434 1824 altera

297 1837 401 1874 Livia,
424 1844 517 1874 quam
540 1843 633 1874 supra
654 1835 830 1872 tetigimus,
846 1842 927 1865 vers.
950 1834 1022 1866 251.

357 1878 407 1919 (5)
430 1877 597 1916 Quidquid
617 1877 765 1908 humus..
803 1877 846 1906 De
867 1884 995 1906 numero
1017 1884 1094 1923 pene
1121 1875 1245 1906 infinito
1265 1875 1430 1906 numinum

296 1919 380 1960 apud
400 1920 522 1950 veteres
543 1918 674 1949 Graecos
694 1917 911 1954 Romanosque
933 1917 1003 1947 vide
1024 1917 1067 1946 sis
1088 1925 1162 1955 prae
1176 1917 1288 1948 ceteris
1308 1917 1431 1949 Gann-

293 1960 528 1996 nanosswu,
539 1960 587 1990 De
599 1960 727 1999 oriqine
736 1959 956 1997 idololatriae,
974 1968 1003 1989 e.
1022 1959 1047 1995 1.
1062 1960 1096 1989 et
1106 1958 1264 1989 Annum(
1276 1959 1428 1989 Busan

295 2004 328 2034 in
341 2002 465 2034 Additt.
489 2002 623 2032 Sannum
644 2001 764 2040 Proleq
767 2010 827 2032 om.
853 2011 871 2029 κ
888 2000 931 2030 De
946 2000 1014 2030 Diis
1027 2000 1114 2038 Syris
1137 2010 1166 2035 »
1191 1999 1244 2030 ubi
1266 1999 1427 2030 elenchum

294 2044 424 2076 habebis
444 2042 636 2082 populorum,
659 2043 712 2081 qui
725 2043 829 2079 bruta,
846 2041 970 2080 plantas
985 2041 1122 2078 aliasque
1138 2050 1185 2073 res
1200 2041 1360 2072 naturales
1372 2047 1429 2079 pro

295 2085 356 2117 diis
376 2085 588 2116 excoiuerunt.

1423 205 1449 216 -·
1483 211 1503 259 ··‚
1532 203 1566 259 ÷
