1566 2482
602 146 887 200 Psrcuomcnu
1238 159 1315 198 139

173 283 293 322 Cauta
320 282 433 329 acies,
462 281 582 330 virgis
608 282 807 330 adopertas
832 281 976 319 texerat
1003 291 1104 330 oras,
1242 280 1320 319 265

173 338 223 376 Et
249 337 533 385 superimposito
560 335 756 374 simularat
781 334 919 383 cespite
950 346 1139 383 campum.

174 392 226 429 At
253 391 383 439 regina
410 390 580 436 humilis,
609 389 782 438 quamvis
796 389 958 437 ignara,
989 389 1166 428 manebat

174 445 206 482 U
210 445 355 483 lteriore
382 445 478 491 loco,
507 455 577 483 nec
603 443 725 482 adhuc
753 443 803 481 ad
829 442 975 482 fraudis
1002 444 1169 491 opertum

173 499 351 546 Venerat,
381 500 447 537 aut
473 498 600 537 foveae
627 498 793 536 calcarat
821 496 880 547 (1)
909 497 1011 536 furta
1038 497 1246 545 malignae.

174 553 287 591 Hunc
314 564 427 601 eques
445 552 511 590 illa
539 552 679 599 dolum,
709 552 799 590 dum
831 551 949 590 fertur
982 552 1154 599 praepete
1191 562 1319 598 cursu,

1225 603 1321 656 [270

173 665 329 713 Incidit,
359 668 396 704 et
422 677 571 705 coecum
599 665 724 704 subito
751 664 928 713 patefecit
954 664 1123 703 hiatum:

175 721 301 758 Prona
328 720 473 759 ruentis
500 720 585 769 equi
611 719 752 758 cervice
779 719 998 766 involvitur,
1028 731 1073 758 ac
1101 719 1170 758 sub

175 772 341 812 Pectoris
366 774 550 822 impressu
578 773 699 812 fracta
725 773 823 811 inter
849 784 983 812 cumra
1010 774 1168 812 rotatur.

175 829 228 866 At
256 827 387 866 Virtus
414 827 554 876 placidi
580 827 860 874 moderaminis,
890 828 934 864 ut
959 826 1152 866 levitatem

176 881 363 929 Prospicit
389 881 566 920 obtritam
594 881 751 919 monstri
778 882 849 919 sub
875 882 990 918 morte
1018 880 1194 927 iacentis,
1243 881 1320 920 275

175 935 347 973 Intendit
373 947 543 984 gressum
571 935 819 982 mediocriter,
849 945 891 973 os
919 945 1064 982 quoque
1091 946 1202 983 parce

175 989 314 1038 Erigit,
345 990 382 1027 et
407 989 502 1028 comi
529 989 739 1027 moderatur
765 988 906 1037 gaudia
935 988 1052 1026 vultu.

176 1043 379 1081 Cunctanti
405 1044 496 1091 Spes
524 1043 599 1081 fida
626 1054 748 1082 comes
775 1040 972 1089 succurrit,
1002 1043 1039 1080 et
1065 1041 1172 1081 offert

175 1096 342 1134 Ultorem
369 1096 554 1145 gladium,
585 1096 782 1145 laudisque
810 1095 972 1144 inspirat
997 1106 1176 1134 amorem.

176 1151 251 1188 Illa
277 1152 509 1189 cruentatam
536 1150 715 1199 correptis
741 1149 909 1188 crinibus
936 1149 1081 1188 hostem
1244 1150 1322 1188 280

177 1204 383 1251 Protrahit,
414 1207 452 1243 et
478 1204 613 1242 faciem
640 1205 749 1242 laeva
775 1206 970 1243 revocante
999 1203 1167 1251 supinat.

175 1259 280 1296 Tunc
309 1260 421 1306 caput
449 1258 592 1297 orantis
611 1258 706 1296 flexa
732 1258 872 1297 cervice
900 1259 1082 1296 resectum

176 1311 313 1360 Eripit,
344 1323 388 1350 ac
416 1312 563 1350 madido
591 1312 786 1361 suspendit
813 1312 909 1350 colla
926 1311 1086 1360 capillo.

175 1366 413 1404 Exstinctum
442 1366 574 1404 vitium
603 1367 732 1404 sancto
760 1367 851 1413 Spes
879 1366 1048 1413 increpat
1075 1376 1158 1404 ore:
1181 1397 1185 1401 .

177 1441 228 1448 --
258 1433 280 1455 «
311 1420 447 1458 Desine
476 1420 617 1468 grande
645 1420 747 1468 loqui
776 1419 858 1469 (2):
890 1419 1036 1468 frangit
1063 1420 1163 1457 Deus
1189 1429 1297 1456 omne

951 1472 1185 1524 [superbum,
1244 1473 1322 1510 285

177 1527 320 1574 Magna
338 1527 492 1572 cadunt,
514 1526 646 1564 inflata
664 1528 833 1575 crepant,
860 1526 1063 1565 tumefacta
1087 1527 1321 1574 premuntur.

178 1580 287 1619 Disce
315 1580 555 1627 supercilium
583 1581 778 1628 deponere,
808 1580 908 1618 disce
935 1592 1065 1619 cavere

178 1635 277 1672 Ante
305 1634 415 1682 pedes
442 1634 602 1680 foveam,
633 1633 802 1682 quisquis
830 1633 987 1672 sublime
1013 1633 1186 1672 minaris.

179 1687 407 1736 Pervulgata
433 1687 538 1736 viget
564 1687 686 1726 nostri
714 1687 905 1726 sententia
934 1687 1096 1726 Christi:

177 1741 360 1780 Scandere
379 1741 478 1780 celsa
506 1741 680 1788 humiles,
703 1743 740 1780 et
758 1742 806 1779 ad
826 1742 903 1779 ima
922 1741 1040 1780 redire
1059 1741 1198 1779 feroces
1217 1740 1293 1845 ([3).

115 1860 120 1866 “
179 1848 352 1887 Vidimus
379 1849 601 1887 horrendum
630 1848 819 1896 membris,
850 1848 1058 1897 animisque
1086 1848 1220 1886 Golian

243 1956 288 1993 (1)
310 1956 459 1993 foveae...
482 1956 595 1994 furta:
620 1955 722 1986 foveas
744 1965 798 1994 per
819 1955 959 1987 fraudem
976 1956 1102 1994 paratas
1117 1956 1151 1985 et
1171 1955 1282 1985 tectas.

242 1998 288 2035 (2)
311 1998 432 2027 Desine
451 1998 579 2035 ‚orande
602 1998 702 2036 loqui.
726 1998 783 2036 Qui
805 1998 843 2029 de
864 2007 896 2028 se
919 1999 1011 2028 nimis
1039 1997 1105 2028 alta
1126 1997 1269 2027 sentiunt
1291 1997 1325 2027 ot

177 2039 346 2076 loquuntur
366 2048 418 2070 eos
439 2039 569 2070 dicimus
589 2047 699 2076 graece
721 2038 999 2087 μεγαλοφρονεῖν,
1011 2039 1195 2070 Huiusmodi
1210 2042 1325 2070 morta-

178 2088 221 2118 les
242 2089 367 2126 superbi
382 2097 447 2119 esse
469 2094 703 2121 consueverunt.

241 2130 286 2170 (3)
308 2131 470 2161 Scandere
490 2131 575 2162 celsa
596 2132 779 2162 humiles...
799 2130 835 2161 V.
852 2130 928 2162 Luc.
953 2129 1038 2171 XIV,
1064 2130 1115 2161 11.
