1566 2482
379 0 388 3 ‘⁷
404 4 423 11 *4.
439 0 452 6 '⁴
483 0 518 7 17<-
547 0 580 11 25.oe
595 0 616 11 '‘¹-
687 0 711 11 ‘fl

491 41 493 43 .
523 0 534 26 ν
576 0 842 37 ,arm
867 27 881 43 .,

219 144 269 183 12
590 150 741 179 ΑνΒΕωι
768 147 970 177 Pavonum

218 268 331 317 Lapis
349 279 430 306 ecce
449 267 576 305 nostro
595 265 690 303 fixus
709 262 934 302 offensaculo
953 262 1025 308 est,

269 320 464 369 Impingat
482 320 522 357 in
541 330 648 367 quem
668 317 833 363 vanitas,

218 375 373 424 Signum
386 372 544 419 caventi,
567 383 642 410 non
661 369 808 410 caventi
828 368 1070 407 scandalum:
1305 366 1355 406 35

271 429 384 466 Hunc
402 426 550 472 sternit,
571 425 677 463 illum
696 422 837 471 dirigit.

219 483 317 520 Dum
334 480 443 529 plura
460 479 582 518 tentat
599 489 730 517 caecus
748 477 888 515 incerto
907 475 1041 524 gradu,

271 534 436 573 Incurrit
453 533 492 571 id
511 532 607 580 quod
626 530 775 570 obvium
793 531 864 568 est.

220 589 297 626 Fax
314 587 394 626 sola
413 586 516 625 Fidei
534 587 591 624 est
608 583 851 634 praeferenda
869 583 1077 631 gressibus,

273 642 325 679 Ut
342 642 444 679 recta
464 639 541 679 sint
555 638 729 687 vestigia.
1307 635 1358 673 40

220 695 309 742 Quis
331 693 391 744 (1)
411 693 452 731 in
470 692 632 731 tenebris
652 691 771 730 hostis
790 691 956 729 errantes
974 691 1101 728 tamen

274 748 419 795 Pulsat,
440 746 643 795 trahitque,
665 746 702 783 et
719 744 899 792 proterit?

221 802 290 848 Qui
309 812 439 849 sparsa
457 800 504 838 ad
523 799 645 848 ipsum
663 798 933 836 commeantum
950 795 1154 834 transitum
1187 828 1191 831 r

273 854 476 892 Frumenta
495 863 628 891 saevus
649 852 802 889 devorat
819 864 827 888 :

221 908 291 955 Qui
308 908 406 946 laeta
426 906 565 946 Christi
583 905 684 944 culta
703 904 762 943 fur
780 903 996 952 interpolat,
1308 903 1358 939 45

274 962 427 1000 Addens
447 971 585 998 avenas
605 958 785 1005 aemulas,

222 1015 321 1062 Quas
340 1015 383 1052 de
402 1013 534 1052 veneni
552 1013 648 1050 lactc
667 1012 708 1050 in
726 1011 879 1050 herbam
898 1010 1037 1049 fertiles

275 1068 422 1106 Patitur
439 1067 590 1106 colonus
609 1077 767 1104 crescere
782 1095 790 1111 ‚

223 1123 279 1160 Ne
298 1122 390 1160 forte
408 1121 554 1159 culmen
573 1120 666 1157 fibra
685 1118 810 1157 inanis
830 1117 995 1166 spiceum

203 1176 206 1179 '
274 1175 390 1224 Simul
407 1174 555 1212 revulsa
574 1173 789 1211 internecet.
1306 1169 1356 1207 50

223 1229 404 1276 Expectat
423 1239 524 1276 ergo,
546 1227 633 1265 dum
653 1226 779 1264 dolosa
800 1223 860 1274 (2)
882 1225 918 1262 et
937 1224 1057 1262 farrea

275 1283 435 1320 Fervens
454 1281 588 1329 coquat
605 1279 817 1325 maturitas,

222 1336 294 1374 Det
314 1334 517 1373 ventilabro
535 1334 633 1372 lecta
652 1344 817 1381 quaeque
836 1332 880 1370 ut
897 1330 1054 1378 horreis,

276 1389 370 1426 Urat
387 1388 652 1426 recrementum
672 1386 775 1425 focis.

204 1442 349 1487 ,Refert
365 1442 431 1480 sed
448 1441 530 1489 ipsa
547 1451 669 1487 nosse,
692 1451 784 1488 quae
801 1450 957 1477 messem
975 1438 1126 1485 necant,
1309 1437 1358 1475 55

247 1546 257 1549 ,
277 1494 504 1549 zizaniorum
519 1493 660 1545 semina
681 1494 754 1544 (3)-

286 1614 330 1652 (1)
353 1613 428 1651 quis
450 1613 486 1642 in
515 1612 669 1641 tenebre's.
693 1610 864 1641 Ci-:LLAmvs
886 1613 954 1646 quis
976 1617 1031 1648 pro
1053 1617 1088 1639 eo
1114 1607 1196 1645 quod
1217 1607 1267 1638 est
1288 1607 1359 1646 qm·-

226 1655 285 1685 bus
307 1655 396 1692 legit.
420 1655 482 1684 Nos
503 1653 571 1684 sine
593 1654 685 1692 apice
706 1652 869 1682 scribimus
891 1652 966 1690 quis
987 1652 1137 1688 tanquam
1159 1648 1359 1686 interrogati·
1423 1649 1425 1651 '

225 1705 296 1727 vum
305 1705 484 1734 pronomen,
494 1695 574 1733 quod
581 1694 779 1731 consequitur
788 1692 853 1731 (ille
862 1692 931 1723 scil.
941 1693 1084 1731 daemon)
1093 1692 1152 1731 qui
1163 1699 1285 1730 sparsa
1296 1691 1358 1720 etc.

288 1738 332 1777 (2)
354 1738 432 1767 dum
455 1738 578 1772 dolosa,
601 1735 734 1766 munulli
755 1734 919 1764 Heinsiani
941 1734 1086 1764 codd.‘ac
1102 1733 1161 1763 duo
1175 1732 1296 1762 Vaticc.
1313 1732 1361 1760 vi-

226 1780 327 1815 tiosa;
341 1779 397 1809 sed
411 1779 495 1818 prlor
508 1778 602 1809 lectio
624 1776 803 1810 retinenda:
823 1776 950 1814 ipseque
978 1775 1128 1804 Hmsws
1152 1773 1262 1803 dolosa
1285 1773 1359 1802 reti-

226 1821 308 1856 nuit,
332 1829 410 1857 quae
431 1820 524 1851 metri
546 1818 662 1849 rationi
684 1817 862 1855 respondet.

289 1862 334 1902 (3)
351 1862 466 1900 Refert
480 1861 535 1892 sed
551 1861 665 1899 ipsa...
682 1867 816 1889 messem
831 1859 893 1888 etc.
911 1865 989 1895 quae
1006 1857 1101 1888 verba
1117 1864 1242 1887 causam
1259 1855 1358 1894 aperi-

227 1905 295 1940 unt,
318 1912 372 1935 cur
394 1904 484 1942 poeta
498 1903 563 1932 suis
585 1901 750 1932 didacticis
765 1900 850 1930 hisce
865 1899 1005 1930 versibus
1028 1907 1155 1930 manum
1177 1897 1359 1928 admoverit.
