1566 2482
126 296 411 381 AVRELH
451 307 839 384 annnN'rn
869 284 1262 380 CLEMENTls

387 415 605 479 CONTRA
631 434 992 479 SYMMACHVM

556 531 658 558 LIBRI
684 529 840 558 SECVNDI

515 751 875 794 PRAEFATIO

341 939 484 986 Simon,
515 949 624 986 quem
650 936 820 975 vocitant
846 936 1022 982 Petrum,

340 994 514 1032 Summus
542 991 602 1040 (1)
632 990 840 1038 discipulus
860 989 945 1037 Dei,

341 1046 453 1086 Lucis
482 1045 576 1084 forte
605 1044 676 1083 sub
701 1044 818 1092 exitu,

340 1102 460 1147 Quum
487 1109 617 1147 vesper
644 1109 796 1136 croceus
822 1097 946 1144 rubet,

342 1156 502 1194 Curvam
529 1152 697 1191 vulserat
722 1162 912 1199 ancoram,

343 1209 511 1257 Captans
538 1205 866 1252 flaminalinteis,

343 1263 394 1301 Et
419 1263 620 1300 transnare
647 1260 778 1299 volens
805 1259 959 1306 fretum,

339 1316 425 1354 Nox
452 1316 604 1354 ventum
630 1315 756 1356 movet
773 1313 939 1360 obvium,

344 1369 476 1408 Fundo
506 1369 567 1418 (2)
597 1367 664 1416 qui
689 1379 792 1406 mare
821 1367 993 1414 misceat,
1178 1379 1182 1383 ·
1222 1386 1224 1388 ·

341 1424 530 1462 Iactatam
557 1421 705 1470 quatiat
730 1422 868 1460 ratem.
1221 1420 1269 1458 10

343 1477 490 1515 Clamor
516 1475 693 1514 nanticus
719 1477 846 1513 aetera

344 1530 538 1578 Plangens
564 1530 676 1577 atque
701 1528 855 1567 ululans
881 1527 983 1575 ferit,

130 1631 226 1661 Izsvu
248 1630 410 1662 Omns-rvr:
431 1629 541 1661 fidenti
552 1630 655 1661 animo
669 1629 767 1661 Poeta
780 1630 938 1668 precatur,
961 1629 999 1658 ut
1012 1626 1269 1665 quemadmodum

193 1673 346 1710 benignus
359 1672 446 1703 Petri
462 1672 574 1710 pedum
589 1672 724 1710 vestigia
736 1679 830 1710 super
843 1679 930 1702 mare
944 1669 1066 1709 trepide
1082 1668 1274 1700 ambulantis

194 1715 347 1751 firmavit,
367 1714 414 1744 sic
444 1715 504 1744 sibi
532 1714 680 1745 fluetibus
702 1713 961 1752 Symmachianae
976 1711 1174 1750 tempestatis
1192 1719 1272 1750 peno

192 1757 304 1787 obruto
319 1756 482 1795 suppetias
498 1755 591 1791 ferat,
609 1756 815 1793 dextramque
829 1755 973 1794 porrigat
986 1754 1130 1784 omnibus
1143 1753 1273 1783 artubus

192 1797 455 1829 contremiscenti.
478 1797 610 1829 Carmen
630 1797 808 1836 glyconium
830 1800 890 1835 est,
905 1796 986 1835 quod
1000 1795 1135 1835 spondeo
1150 1796 1276 1826 constat

192 1841 226 1871 et
245 1839 418 1879 pyrrichio,
429 1848 482 1870 seu
493 1840 608 1871 iambo.

193 1899 240 1938 (1)
262 1899 420 1930 Summus
440 1899 629 1938 discipulus
650 1899 726 1931 Dei.
749 1899 897 1938 Princeps
912 1897 1141 1936 discipulorum
1160 1897 1273 1928 Petrus

130 1941 276 1978 habetur,
298 1941 347 1971 uti
369 1949 408 1972 ex
427 1941 696 1979 evangelistarum
715 1941 844 1979 scriptis
866 1942 1013 1980 apparet.

193 1983 239 2022 (2)
261 1982 367 2021 fundo
386 1984 446 2022 qui
466 1992 557 2014 mare
570 1983 718 2014 misceat.
736 1982 803 2013 Iam
825 1981 904 2019 alias
927 1982 1034 2013 videor
1056 1981 1136 2014 mihi
1161 1988 1273 2011 memo-

131 2033 229 2062 rasse,
244 2034 336 2055 maro
349 2024 458 2055 latiori
471 2033 565 2056 sensu
575 2025 721 2064 usurpari
733 2033 788 2063 pro
798 2033 834 2056 eo
844 2023 926 2061 quod
936 2025 987 2054 est
1000 2031 1113 2060 magna
1124 2030 1274 2060 aquarum

129 2067 284 2102 extensio,
308 2066 353 2097 uti
370 2066 451 2105 apud
465 2066 623 2098 Hebraeos
646 2071 686 2115 οξ
710 2066 813 2106 (iam).
832 2065 872 2099 V.
888 2065 1025 2097 Hmnox.
1051 2066 1083 2095 in
1107 2064 1223 2095 Genes.
1246 2064 1274 2101 Ι,

130 2128 164 2158 et
184 2127 361 2166 Diptycon,
384 2125 515 2159 XXXV.
