1566 2482
74 0 98 12 nv
109 0 121 10 -r
141 0 266 35 ..t-2753*
280 0 716 36 :ffixung-figqffwww
741 21 751 30 ι.
770 21 812 32 Γ
863 3 944 40 *elli
967 4 971 14 .-
1040 16 1053 21 ,Ι
1066 13 1078 27 .⁴
1107 27 1124 33 Δ,
1134 24 1144 37 ἱ
1182 28 1186 35 .
1207 31 1219 38 u

286 179 376 228 160'
656 198 810 229 Avitum
836 198 1038 231 Pamml

274 308 529 357 „Conspicuam
545 308 774 358 populosque
787 308 918 349 iubent
935 310 1084 350 adstare
1097 311 1322 361 frequentes.
1355 314 1431 354 740

286 363 519 402 Concurrunt
545 363 689 402 alacres
716 363 850 402 castris
877 375 921 402 ex
940 364 1119 404 omnibus
1145 377 1295 405 omnes:

285 416 404 454 Nulla
430 416 524 455 latet
549 428 637 465 pars
664 416 801 456 mentis
827 417 928 456 iners
949 417 1023 468 (1),
1041 430 1138 467 quae
1165 420 1328 469 corporis
1354 421 1431 461 ullo

285 470 499 518 Intercepta
527 470 612 509 sinu
639 482 704 518 per
731 471 994 519 conceptacula
1020 483 1101 511 sese

284 523 469 572 Degeneri
495 524 674 572 languore
700 525 827 573 tegat3
859 525 1021 563 tentoria
1048 526 1186 574 apertis

284 578 427 616 Cuncta
454 578 587 625 patent
613 578 722 625 velis,
750 580 962 617 reserantur
990 580 1160 627 carbasa,
1191 580 1324 630 nequis
1353 582 1428 620 745

284 631 452 669 Marceat
478 631 633 670 obscuro
660 633 819 670 stertens
847 631 1037 671 habitator
1063 635 1204 682 operto.

283 683 459 723 Auribus·
477 685 634 723 intentis
662 687 879 733 exspectant
905 686 1048 734 concio,
1078 687 1258 735 quidnam

283 737 451 777 Victores
478 739 564 786 post
591 739 690 777 bella
717 741 822 778 vocet
849 740 1053 778 Concordia
1079 740 1265 790 princeps,

282 792 400 837 Quam
427 792 519 830 velit
545 792 656 840 atque
685 792 794 831 Fides
822 793 1023 832 virtutibus
1051 794 1185 833 addere
1212 795 1348 844 legem.

282 845 455 894 Erumpit
480 845 601 894 prima
628 845 668 884 in
697 857 823 885 vocem
851 846 1056 885 Concordia
1083 848 1153 886 tali
1351 850 1426 888 750

282 898 491 947 Adloquio:
522 921 576 927 —
597 913 619 936 ‹<
650 900 848 938 Cumulata
876 900 1026 949 quidem
1052 900 1129 939 iam
1157 901 1278 950 gloria
1304 903 1424 951 vobis,

282 952 309 990 O
338 952 479 1000 Patris,
511 964 531 992 0
560 953 711 992 Domini
739 954 924 992 fidissima
951 954 1111 1003 pignora
1140 955 1294 1004 Christi,

281 1006 467 1054 Contigit:
499 1006 686 1045 exstincta
713 1008 770 1046 est
796 1008 914 1046 multo
941 1008 1140 1047 certamine
1168 1020 1281 1048 saeva

278 1059 478 1098 Barbaries
507 1060 580 1110 (2),
612 1062 764 1099 sanctae
791 1073 885 1109 quae
912 1061 1240 1111 circumsaepserat
1266 1063 1368 1102 urbis

278 1113 501 1161 Indigenas,
532 1114 699 1163 ferroque
728 1114 841 1161 viros,
862 1115 1084 1163 flammaque
1111 1116 1315 1163 premebat.
1349 1117 1424 1155 755

279 1166 434 1205 Publica
462 1167 527 1205 sed
554 1167 700 1215 requies
730 1167 787 1217 (3)
817 1168 975 1215 privatis
1003 1180 1086 1207 rure
1114 1169 1263 1219 foroque

279 1221 435 1258 Constat
462 1219 661 1259 amicitiis:
693 1221 857 1259 scissura
886 1222 1088 1261 domestica
1115 1224 1244 1262 turbat

278 1274 370 1312 Rem
397 1274 539 1321 populi,
569 1274 780 1324 titubatque
808 1274 913 1322 foris,
944 1276 1042 1324 quod
1071 1275 1228 1315 dissidet
1254 1276 1370 1316 intus.

278 1327 378 1375 Ergo
406 1329 547 1374 cavete,
578 1327 663 1374 viri,
694 1339 740 1366 ne
768 1328 819 1366 sit
847 1329 1033 1367 sententia
1061 1329 1201 1369 discors

278 1380 455 1419 Sensibus
483 1381 522 1418 111
552 1381 706 1428 nostris,
738 1393 784 1419 ne
813 1383 914 1420 secta
941 1382 1083 1421 exotica
1109 1384 1216 1422 tectis
1347 1385 1422 1424 760

277 1434 467 1473 Nascatur
495 1435 656 1473 conflata
684 1435 792 1482 odiis,
823 1435 911 1483 quia
939 1436 1030 1474 fissa
1059 1436 1117 1486 (4)
1140 1437 1314 1476 voluntas

278 1487 482 1526 Confundit
509 1488 624 1541 variis
651 1500 790 1527 arcana
817 1489 989 1527 biformia
1016 1490 1134 1529 fibris.

277 1541 381 1587 Quod
409 1533 596 1589 sapimus,
627 1542 834 1590 coniungat
860 1554 984 1581 amor:
1016 1543 1114 1592 quod
1141 1543 1316 1592 vivimus,
1345 1556 1421 1597 uno

277 1594 472 1643 Conspiret
499 1595 644 1634 studio:
675 1595 729 1635 nil
758 1596 990 1635 dissociabile
1019 1597 1165 1635 firmum
1192 1599 1276 1644 est;

257 1697 259 1699 Ι
276 1648 398 1697 thue
417 1648 560 1687 homini
578 1650 690 1698 atque
710 1650 786 1688 Deo
804 1650 947 1689 medius
970 1650 1172 1689 intervenit
1189 1652 1310 1699 Insvs,
1343 1652 1418 1692 765

339 1772 383 1810 (1)
407 1771 513 1802 Nulla
537 1773 614 1802 latet
629 1782 716 1812 pars
737 1774 855 1804 mentis
876 1775 985 1804 iners:
1001 1775 1077 1804 totis
1104 1783 1213 1814 nempe
1234 1776 1349 1806 mentis
1372 1776 1418 1806 vi·

275 1814 373 1844 ribus.
398 1831 437 1836 —
461 1814 694 1852 Conceptaoula
712 1843 717 1851 ,
751 1815 832 1853 apud
854 1816 991 1853 opt-imos
1023 1815 1118 1846 Italos
1139 1817 1306 1855 scriptores
1327 1817 1415 1849 vidi:

276 1867 293 1883 «
317 1857 330 1885 i
351 1856 543 1891 ricettacoln‘,
565 1857 578 1885 i
599 1857 769 1886 ventricoli
790 1857 880 1887 della
901 1859 1004 1887 mente
1025 1866 1042 1886 e
1062 1858 1113 1887 del
1147 1867 1243 1888 cuore
1267 1869 1295 1891 ».
1318 1857 1353 1890 Iu
1376 1859 1414 1889 A.

276 1897 390 1928 Gamo
424 1897 861 1936 (XV111,10)‚PL1N10que
884 1899 961 1928 MAI.
985 1899 1089 1935 (Hist.
1115 1899 1194 1931 Nat.
1219 1900 1261 1935 ΙΙ,
1285 1901 1337 1936 45,
1361 1900 1415 1939 45)

275 1939 509 1977 xwepe1iturvox
530 1939 781 1978 conceptaculum
803 1949 870 1978 pro
878 1945 914 1970 00
937 1941 1017 1977 qnod
1039 1942 1099 1977 est,
1124 1941 1275 1978 quidquid
1298 1941 1416 1979 aliquid

276 1981 502 2061 eontiffletgaem
527 2022 723 2053 Barbaries.
755 2023 885 2060 Magnus
918 2023 1067 2054 vitiorum
1100 2025 1327 2062 exe1·citus‚de
1355 2033 1414 2063 quo

274 2072 389 2144 supa)
412 2105 551 2136 Publica
563 2106 618 2136 sed
631 2107 768 2145 requies,
782 2107 842 2136 etc.
859 2106 921 2138 Cfr.
939 2107 1090 2138 SALLvsr.
1108 2108 1193 2138 Bell.
1213 2107 1344 2146 quurt.
1361 2107 1412 2140 10.

338 2147 382 2185 (4)
404 2148 484 2183 fissa
508 2149 668 2181 voluntas.
692 2165 734 2171 —
754 2149 864 2180 Scissa
888 2150 1048 2181 voluntas.
1070 2150 1246 2182 GisznmvS.
1350 2168 1353 2172 -
