1566 2482
265 145 314 181 26
653 154 803 183 AvRaLn
830 153 1030 182 Pavonum

264 270 415 308 Semifer
443 271 479 307 et
507 270 636 307 Sootus
666 268 724 317 (1)
745 269 872 315 sentit,
903 280 994 307 eane
1022 270 1141 308 milite
1168 269 1283 318 peior.

265 324 334 361 Sed
362 334 429 361 1108
458 323 521 370 qui
549 323 748 361 Dominum
776 322 881 360 libris
910 324 947 361 et
973 334 1119 371 corpore
1147 324 1223 362 iam
1251 325 1308 362 bis

264 376 450 423 Vidimus,
481 377 570 414 ante
598 377 684 423 fide,
715 387 799 414 mox
826 387 940 414 carne
963 378 1001 414 et
1027 377 1209 426 sanguine
1237 389 1373 429 eoram,

265 429 405 478 Quique
433 429 682 467 voluminibus
710 431 853 477 vatum,
883 441 987 468 eruce
1014 431 1122 478 teste,
1152 431 1332 479 probatis.

265 483 458 521 Rimantes
487 483 624 531 digitos
652 484 837 521 costarum
858 484 917 532 (2)
938 484 977 521 in
997 484 1151 523 vulnera
1169 485 1282 523 cruda
1328 486 1406 524 220

264 536 475 582 Mersimus,
497 538 534 574 et
561 548 736 575 manuum
765 536 848 588 visu
875 537 1067 576 dubitante
1099 538 1255 576 lacunas

264 589 446 637 Scrutati‚'
470 591 659 628 aeternum
687 602 811 638 regem
838 591 1077 638 eognovimus
1105 592 1245 639 Iesum,

265 643 446 681 Abiurare
474 644 551 681 Deo
578 644 729 682 titulum
758 655 962 692 nomenque
989 647 1184 692 paternum

266 697 454 735 Credimus
481 708 560 735 esse
589 697 709 744 nefas,
741 697 804 745 qui
832 709 955 746 regem
983 698 1137 746 protulit
1164 711 1208 737 ex
1235 711 1296 737 se:

265 751 301 787 Ν
305 761 352 788 011
379 762 503 798 regem
521 750 648 798 populi
666 751 902 798 Parthorum,
925 753 990 789 aut
1007 751 1306 799 Romulidarum,
1329 753 1407 791 225

264 804 334 841 Sed
352 815 475 851 regem
502 815 680 850 summae,
697 806 734 842 et
760 805 902 843 mediae
929 805 1086 843 rationis
1106 806 1180 855 (3),
1203 807 1239 844 et
1266 806 1376 854 imae,

264 858 387 904 Atque
415 857 495 895 ideo
522 869 643 895 rerum
673 858 875 905 dominum,
907 859 943 896 et
980 863 1088 906 vsuper
1115 859 1240 898 omnia
1266 871 1402 908 regem.

266 910 397 948 Carnis
416 910 528 948 habet
541 911 714 958 medium,
731 923 913 950 summum
929 912 1068 959 Patris,
1085 914 1122 950 et
1135 913 1261 961 Stygis
1274 913 1402 952 imum.

265 963 404 1001 Defluit
430 963 489 1001 his
517 964 709 1012 gradibus,
740 977 938 1012 rursusque
966 965 1166 1003 revolvitur
1194 966 1233 1003 in
1262 979 1322 1005 se:

264 1016 334 1054 Est
361 1017 475 1064 Deus,
506 1019 562 1055 est
590 1019 626 1056 et
654 1018 783 1056 homo:
815 1019 858 1056 fit
887 1020 1065 1065 mortuus,
1097 1021 1134 1057 et
1162 1020 1262 1058 Deus
1290 1020 1387 1058 idem

1225 1074 1295 1112 est.
1327 1075 1405 1112 230

266 1123 400 1161 Omnia
427 1125 606 1171 percurrit
633 1125 788 1162 naturae
815 1125 943 1163 munia
969 1136 1122 1173 pronae,
1209 1071 1223 1124 [

265 1176 316 1213 Ut
344 1187 490 1215 sursum
510 1177 634 1215 Patris
664 1178 702 1215 in
721 1178 900 1226 gremium
919 1178 1096 1227 replicata
1125 1179 1183 1228 (4)
1203 1181 1362 1228 reportet

308 1294 353 1333 (l)
376 1295 517 1333 Semifer
538 1299 567 1325 et
588 1296 741 1329 Scelus...
765 1306 844 1326 cane
871 1297 977 1327 milite
993 1298 1104 1336 peior.
1133 1297 1165 1330 S.
1189 1297 1325 1329 Hfflnon.
1352 1298 1404 1328 ad-

265 1344 372 1367 versus
394 1337 589 1368 Iovinianum
611 1338 646 1370 L.
674 1339 724 1374 11,
749 1338 782 1369 C.
811 1339 848 1368 VI
870 1339 907 1369 de
929 1338 1090 1369 Scotorum
1105 1340 1259 1370 saevitate
1279 1340 1403 1377 scribit,

264 1387 298 1408 se
319 1378 577 1409 adolescentulum
599 1380 632 1410 in
654 1380 756 1410 Gallia
777 1380 894 1411 vidisse
915 1380 1031 1418 Scotos,
1054 1391 1073 1410 «
1096 1382 1220 1418 gentem
1246 1382 1405 1412 Britanni-

265 1428 335 1450 cam
358 1419 502 1450 humanis
524 1421 606 1451 vesci
621 1421 727 1451 solitos
746 1422 889 1452 carnibus
907 1433 936 1450 »-
952 1439 994 1444 —
1009 1431 1087 1452 cane
1101 1423 1218 1459 milite,
1235 1423 1304 1454 scil.
1319 1424 1406 1462 peior

265 1462 394 1492 canibus
408 1462 608 1499 molossiccis,
625 1463 731 1499 quales
758 1464 831 1494 olim
851 1464 936 1494 iuter
954 1472 1041 1494 arma
1068 1464 1261 1495 adhibebant
1287 1465 1406 1496 milites

265 1504 298 1532 in
320 1504 442 1534 castris.
464 1504 509 1533 De
535 1504 584 1534 his
611 1504 762 1535 Homerus
789 1505 926 1542 loquitur
953 1506 1069 1536 Iliados
1092 1506 1201 1542 initi0;
1229 1506 1341 1537 Strabo
1370 1507 1404 1536 in

265 1545 331 1582 ipso
353 1545 444 1575 Libro
467 1545 508 1575 IV
536 1546 639 1576 Gallos
666 1550 835 1583 memorat,
870 1547 923 1583 qui
953 1547 1130 1578 istiusmodi
1159 1548 1288 1578 canibus
1316 1557 1404 1586 prae-

265 1586 381 1616 liantes
403 1587 580 1618 uterentur.

308 1627 356 1667 (2)
379 1628 551 1658 Rimantes
573 1629 694 1667 dmitos
715 1632 934 1661 costarum...
957 1630 1032 1668 Nos,
1056 1630 1236 1669 Apostolum
1256 1631 1405 1662 Thomam

266 1669 448 1706 referentes,
472 1671 509 1700 de
531 1679 589 1706 quo
610 1671 725 1703 IoANN.
749 1671 822 1707 XX,
847 1671 900 1703 27.

307 1710 352 1750 (3)
374 1712 496 1742 mediae
518 1713 671 1744 rationis.
696 1712 775 1743 Sunt
799 1713 864 1750 qui,
891 1721 952 1743 non
969 1712 1150 1750 refragante
1165 1714 1313 1751 Hnmsro,
1337 1717 1404 1744 sta-

267 1753 367 1782 tionis
387 1753 506 1789 legant.
531 1754 594 1783 Nos
609 1755 715 1783 tamen
730 1763 800 1784 cum
816 1755 963 1784 GlsaLmo
985 1755 1130 1791 facimus,
1151 1756 1184 1785 et
1203 1764 1259 1793 pro
1274 1755 1405 1787 Heinsio

268 1794 347 1832 ipso,
374 1795 428 1831 qui
450 1795 483 1824 in
505 1796 595 1824 textu
617 1796 762 1825 rationis
784 1796 931 1832 retinuit,
960 1797 1053 1833 quod,
1075 1797 1124 1826 uti
1147 1797 1206 1832 ait,
1231 1799 1323 1826 stant
1339 1807 1405 1837 pro

266 1836 327 1865 hac
353 1837 525 1874 scriptura
548 1837 754 1866 membranae
769 1840 968 1867 constanter.
986 1838 1097 1868 Sensus
1113 1839 1232 1874 autem,
1250 1839 1298 1868 uti
1314 1840 1404 1870 notat

266 1877 433 1914 ΤΗεοιιν8,
448 1877 500 1907 hie
522 1880 586 1909 est:
611 1889 628 1906 «
652 1878 748 1908 Deum
763 1878 888 1909 Patrem
902 1887 1003 1916 regem
1021 1887 1059 1909 ex
1073 1887 1106 1910 se
1120 1879 1300 1917 protulisse,
1315 1880 1403 1911 Chri-

266 1920 349 1948 stum
372 1928 493 1957 nempe,
516 1920 723 1958 pertinentem
746 1919 784 1950 ad
806 1922 926 1951 statum
947 1929 1119 1957 summum,
1147 1921 1294 1958 medium,
1321 1925 1356 1952 et
1378 1922 1403 1952 i-

267 1968 362 1996 mum,
386 1961 459 1997 quia
486 1969 524 1991 ex
545 1961 638 1991 Patre
660 1963 752 1992 natus
779 1961 947 1992 humanam
969 1963 1073 1992 induit
1094 1970 1230 1999 carnem,
1247 1964 1342 2000 atque
1363 1963 1402 1993 ad

267 2001 380 2031 inferos
402 2010 498 2039 usque
520 2004 709 2040 penetravit.
736 2013 754 2031 »
777 2003 860 2034 Haec
877 2004 981 2033 eudem
1005 2006 1171 2034 occurrunt
1191 2005 1271 2043 apud
1292 2006 1399 2037 sanct.

267 2043 432 2073 PAvmzwm
454 2044 486 2073 in
509 2044 616 2076 Natal.
641 2047 671 2076 S.
697 2045 812 2075 Felicis
834 2054 929 2075 earm.
954 2045 1011 2081 XI,
1036 2055 1065 2077 v.
1093 2047 1150 2078 691
1174 2047 1208 2076 et
1229 2054 1315 2083 seqq.

310 2084 358 2123 (4)
381 2086 541 2123 replicata
565 2087 721 2123 reparata.
747 2084 784 2118 V.
809 2086 842 2117 S.
860 2087 955 2118 PAVL.
974 2087 1047 2125 Cap.
1069 2088 1103 2117 ll
1129 2088 1166 2117 ad
1191 2087 1303 2126 Ephes.
1320 2097 1351 2120 v.
1369 2088 1400 2119 6.
