1566 2482
263 126 340 167 136
639 140 791 170 Avitum
829 140 1032 171 Pavonum

262 248 371 294 Spem
399 247 471 286 sibi
498 247 681 296 collegam
708 247 952 287 coniunxerat
980 248 1190 300 (1)‚'edita
1216 250 1322 291 cuius

260 301 310 339 Et
338 301 524 349 suspensa
548 302 595 339 ab
623 302 734 340 humo
762 303 821 340 est
847 302 1040 351 opulentia
1067 303 1182 343 divite
1209 317 1340 354 regno.

260 354 360 403 Ergo
389 355 564 393 humilem
594 357 792 404 postquam
819 357 1012 395 malesana
1039 358 1221 406 Superbia
1245 362 1406 399 mentem

261 408 410 446 Vilibus
440 409 664 447 instructam
691 409 794 448 nullo
822 410 1072 450 ostentamine
1101 412 1159 461 (2)
1188 413 1273 453 telis

262 462 450 510 Adspicit,
481 463 519 500 in
548 473 673 501 vocem
703 463 812 502 dictis
840 475 880 502 se
908 464 1065 503 effundit
1091 466 1251 505 amaris:
1329 468 1404 508 205

262 536 314 543 —-
344 530 366 553 «
396 517 483 555 Non
510 517 638 564 pudet,
671 528 691 555 o
719 517 860 564 miseri,
890 518 1032 566 plebeio
1060 519 1178 558 milite
1206 521 1326 559 claros

260 570 458 608 Attentare
487 570 613 618 duces,
643 570 810 620 ferroque
838 571 1018 610 lacessere
1046 574 1199 621 gentem

260 623 457 671 Insignem
483 623 628 662 titulis:
662 626 802 663 veteres
831 625 892 663 cui
920 625 1054 665 bellica
1081 626 1203 666 virtus

261 676 423 716 Divitias
450 678 606 726 peperit,
636 678 755 717 laetos
783 679 820 717 et
847 679 1015 727 gramine
1043 680 1156 719 colles

260 731 422 778 Imperio
450 731 592 770 calcare
621 731 753 770 dedit?
781 743 881 770 nunc
908 733 1054 772 advena
1082 734 1205 772 nudus
1327 734 1403 774 210

260 784 405 823 Nititur
433 785 625 834 antiquos,
656 785 689 823 si
716 785 774 823 fas
802 786 873 833 est,
903 787 1038 834 pellere
1065 799 1187 836 reges.

260 838 334 884 En,
365 838 429 886 qui
456 840 586 877 nostra
614 838 692 877 suis
719 839 759 877 in
786 839 963 887 praedam
991 841 1117 879 cedere
1146 841 1288 880 dextris

260 892 413 938 Sceptra
441 893 602 931 volunt?
630 904 676 930 en
705 893 768 941 qui
796 894 945 932 nostras
973 894 1117 933 sulcare
1145 895 1312 942 novales,

260 947 435 993 Arvaque
464 948 574 994 capta
602 957 718 984 manu
749 947 961 994 popularier
991 947 1050 997 (3)
1079 948 1225 997 hospite
1252 950 1378 988 aratro

260 999 515 1047 Contendunt,
546 1000 658 1038 duros
686 1001 723 1038 et
749 1000 883 1047 pellere
911 1002 1031 1039 Marte
1060 1002 1243 1040 colonos?
1324 1003 1402 1041 215

260 1053 417 1100 Nempe,
448 1064 468 1091 0
496 1053 695 1091 ridiculum
722 1054 873 1102 vulgus,
905 1054 1096 1093 natalibus
1123 1055 1225 1094 horis
1254 1055 1314 1106 (4)

259 1106 391 1144 Totum
410 1106 612 1153 hominem,
629 1108 665 1144 et
679 1106 820 1145 calidos
839 1119 862 1145 a
876 1110 994 1146 matre
1008 1109 1267 1156 amplectimur
1279 1111 1400 1158 artus,

259 1159 418 1208 Vimque
446 1161 675 1208 potestatum
701 1172 767 1208 per
795 1162 960 1199 membra
987 1162 1149 1201 recentis
1177 1163 1323 1202 alumni

258 1213 491 1262 Spargimus,
522 1214 559 1251 et
585 1214 741 1252 rudibus
770 1214 1003 1253 dominamur
1021 1215 1062 1254 in
1081 1215 1227 1255 ossibus
1254 1228 1399 1257 omnes.

259 1266 349 1312 Quis
368 1267 472 1305 locus
490 1268 530 1305 in
549 1269 679 1305 nostra
697 1268 786 1306 tunc
807 1269 865 1317 (5)
882 1269 987 1307 vobis
1002 1269 1086 1308 sede
1102 1269 1276 1319 dabatur,
1323 1271 1402 1309 220

259 1321 477 1368 Congenitis
505 1332 588 1359 cum
616 1333 734 1369 regna
761 1322 872 1360 simul
901 1322 1104 1361 ditionibus
1132 1321 1261 1372 aequo

258 1374 401 1412 Robore
429 1375 675 1412 crescebant?
703 1375 784 1413 nati
811 1387 900 1419 nam
925 1376 1008 1414 luce
1037 1376 1106 1415 sub
1133 1389 1210 1416 una

257 1427 306 1464 Et
333 1428 479 1474 domus,
510 1429 547 1466 et
575 1426 717 1466 domini
742 1429 897 1477 paribus
924 1430 1154 1469 adolevimus
1181 1430 1306 1471 annis.

257 1481 313 1518 Ex
342 1492 413 1529 quo
440 1481 587 1529 plasma
613 1493 750 1521 novum
778 1482 822 1521 de
849 1485 1048 1535 consaepto
1075 1484 1242 1532 paradisi

321 1576 366 1614 (1)
390 1576 486 1614 Spem
504 1575 608 1606 sibi...
622 1578 849 1607 coniunxerat.
867 1577 991 1615 Optime
1006 1578 1146 1615 quidem
1163 1578 1279 1609 etenim
1294 1578 1398 1610 animo

257 1617 310 1652 qui
331 1618 375 1647 sit
395 1617 541 1654 demisso,
557 1626 653 1655 neque
669 1620 772 1650 tamen
787 1619 851 1658 spei
867 1619 969 1657 pleno,
987 1620 1116 1658 pusillus
1132 1621 1207 1657 cito,
1224 1622 1258 1651 et
1280 1620 1396 1652 abiecti

256 1658 357 1698 cordis
379 1667 444 1689 esse
465 1660 637 1692 consuevit.

319 1700 364 1738 (2)
388 1701 619 1737 Ostmztamz’w,
643 1710 696 1739 pro
718 1705 940 1735 ostentatione.
965 1703 1178 1734 Prudentiana
1200 1712 1269 1736 vox.

322 1742 376 1781 (3),
384 1741 593 1781 popularier.
618 1743 826 1790 παραγωγὴ.

318 1790 362 1827 (4)
384 1790 553 1820 natalibus
565 1791 666 1823 horis.
686 1791 831 1821 Libenter
846 1801 882 1821 ex
898 1792 1091 1822 Nebrissensi
1106 1792 1189 1822 hune
1203 1792 1395 1824 intellectum

255 1840 324 1861 cum
347 1832 485 1862 'Panemo
506 1832 655 1862 facimus:
674 1849 713 1854 —
730 1843 747 1861 «
771 1833 835 1869 Ego
852 1834 999 1871 Superbia
1014 1834 1059 1863 sie
1074 1843 1157 1865 meos
1178 1834 1294 1865 milites
1309 1843 1394 1866 exer-

255 1882 318 1908 ceo,
344 1874 380 1903 ut
401 1873 439 1903 ab
460 1874 586 1904 ineunte
609 1874 674 1904 vita
700 1874 739 1904 ad
755 1883 857 1904 rerum
872 1875 1042 1905 dominium
1059 1875 1293 1912 adsuefaciamt
1316 1885 1395 1914 quae

255 1916 365 1944 ceteris
397 1915 575 1945 dominandi
609 1916 764 1954 cupiditas
787 1917 818 1946 in
843 1917 918 1955 ipsis
933 1917 1107 1948 infantibus
1122 1917 1391 1954 manifestatur»;

254 1965 382 1993 eamque
403 1958 470 1987 vim
485 1960 681 1995 potestatum
703 1959 764 1988 etc.
789 1959 926 1996 appellat
946 1959 1051 1989 noster
1065 1961 1168 1999 poeta.
1195 1976 1234 1982 --

317 1998 362 2035 (5)
384 2001 472 2028 tunc.
496 1998 638 2036 Intellige
660 2001 691 2029 in
714 2001 778 2038 ipso
800 2000 883 2031 orbis
913 2002 1067 2031 terrarum
1096 2001 1233 2033 exordio.
1257 2001 1394 2032 Adamus

254 2047 367 2076 magna
389 2040 531 2078 superbia
547 2042 649 2071 tactus
672 2042 726 2073 Dei
749 2042 916 2081 imperium
931 2042 1081 2080 neglexit,
1099 2043 1226 2080 eiusque
1241 2044 1311 2074 iura
1326 2051 1392 2082 per·

255 2081 365 2110 vertit.
