1566 2482
382 191 394 195 -
406 171 552 202 cosm
577 151 773 203 mem
798 171 1014 204 ennom
1199 144 1276 204 181

249 281 465 334 Omnigeni,
494 294 640 323 summa
666 294 735 333 pro
759 282 955 323 maiestate
982 284 1174 333 sacraret?

247 337 317 378 Vir
342 337 462 385 solus,
491 337 552 376 cui
578 349 670 377 cura
695 336 784 385 fuit,
813 349 860 376 ne
886 337 1038 386 publica
1063 348 1207 377 morum

247 392 370 441 Plaga
387 390 597 431 cicatricem
625 403 771 431 summa
788 390 920 431 leviter
938 393 1021 431 cute
1040 391 1208 431 clausam
1228 391 1278 430 15

246 446 419 493 Duceret,
449 445 487 484 et
512 444 694 484 latebram
721 445 887 484 tabentis
914 445 1080 484 vulneris
1107 445 1184 485 alte

248 500 493 548 Impressam,
521 499 742 548 penitusque
769 499 871 547 putri
898 499 943 537 de
970 511 1060 548 pure
1094 511 1278 548 peresam,

247 554 386 592 Iuncta
412 553 625 601 superficies
651 553 793 591 medico
820 552 974 592 fallente
1000 553 1153 595 foveret.

246 607 318 645 Sed
344 606 503 654 studuit,
533 617 605 656 quo
631 618 720 655 pars
747 606 910 645 hominis
937 607 1150 656 generosior
1176 607 1280 646 intus

247 660 412 708 Viveret,
442 661 554 709 atque
581 660 746 699 animam
772 660 880 713 letali
905 662 1008 709 peste
1036 661 1179 709 piatam
1226 662 1278 700 20

249 714 387 759 Nosset
440 714 489 753 ab
516 714 663 754 interno
690 715 811 753 tutam
839 726 986 753 servare
1013 726 1170 754 veneno.

247 767 324 807 Illa
350 769 595 817 tyrannorum
624 767 685 818 (1)
715 767 838 807 fuerat
863 768 1065 816 medicina,
1094 768 1234 815 videre,

247 821 320 868 Qui
346 823 470 860 status
488 822 576 860 ante
603 821 730 860 oculos
757 821 1016 870 praesentibus
1035 833 1080 861 ac
1096 822 1278 871 perituris

249 875 479 923 Competeret
504 875 629 922 rebus,
659 887 727 914 nec
754 887 883 914 curam
911 875 1086 914 adhibere
1112 875 1266 915 futuris.

248 928 351 977 Heu,
380 929 477 967 male
505 928 550 968 de
575 929 712 978 populo
739 929 877 977 meriti,
906 929 1003 968 male
1029 930 1200 1035 patrifus
1225 929 1284 978 ip-

1149 995 1202 1022 srs
1229 983 1281 1021 25

246 1036 437 1075 Blanditi!
468 1047 560 1085 quos
587 1035 809 1085 praecipites
835 1036 876 1076 in
904 1037 1062 1076 Tartara
1089 1037 1208 1086 mergi

251 1090 344 1129 Cum
371 1091 460 1129 Iove
478 1090 660 1138 siverunt,
681 1090 801 1129 multa
819 1092 856 1129 et
874 1102 959 1129 cum
977 1091 1084 1139 plebe
1103 1091 1252 1130 deorum
1269 1104 1279 1132 ε

247 1144 322 1182 Ast
349 1144 410 1183 hic
438 1143 632 1192 imperium
659 1144 848 1192 protendit
874 1144 990 1183 latius
1017 1156 1108 1184 aevo

249 1197 472 1245 Posteriore,
503 1197 582 1236 suis
608 1197 763 1246 cupiens
791 1198 936 1237 sancire
965 1198 1138 1237 salutem.

246 1251 435 1290 Nimirum
454 1251 606 1300 pulchre
626 1251 776 1301 quidam
796 1251 1036 1292 doctissimus
1056 1252 1148 1358 (2),[
1163 1265 1187 1290 ‹<
1206 1253 1277 1292 Es-

1151 1308 1208 1345 set
1226 1307 1278 1345 30

251 1359 408 1399 Publica
434 1370 508 1407 res,
538 1358 676 1408 inquit,
705 1361 796 1398 tunc
824 1359 1016 1398 fortunata
1043 1359 1152 1408 satis,
1172 1360 1217 1403 ,si

250 1412 321 1452 Vel
349 1424 455 1461 reges
483 1414 669 1465 saperent,
697 1413 757 1452 vel
783 1415 986 1462 regnarent
1012 1414 1228 1462 sapientes»

250 1466 458 1510 Estne-ille
486 1478 506 1505 e
533 1478 686 1505 numero
713 1478 929 1515 paucorum,
958 1467 1024 1516 qui
1050 1467 1224 1506 diadema

251 1519 395 1566 Sortiti‚
425 1520 612 1558 aetheriae
639 1520 833 1558 coluerunt
860 1520 996 1581 dogma
1023 1521 1204 1569 sophiae?

253 1549 421 1622 Contigit
457 1584 539 1612 ecce
575 1573 769 1613 hominum
804 1574 945 1622 generi,
968 1575 1145 1679 gentiqu?
1177 1576 1285 1623 toga-

1137 1629 1198 1666 tae
1225 1628 1278 1666 35

252 1680 337 1718 Dux
364 1680 544 1729 sapiens.
574 1680 664 1719 felix
691 1682 841 1719 nostrae
867 1681 1076 1730 respublica
1103 1682 1242 1720 Romae

253 1733 406 1772 Iustitia
431 1736 615 1783 regnante
643 1734 760 1783 viget.
792 1733 924 1774 Pare'oe
952 1735 1134 1783 magistro

252 1788 404 1836 Sceptra
421 1787 668 1837 gubernanti:
699 1790 839 1837 monet,
860 1790 903 1827 ut
922 1789 1140 1828 deterrimus
1167 1800 1283 1837 error,

210 1930 256 1969 (1)
277 1920 517 1969 eyrannoru'm:
544 1930 734 1968 umentis,
754 1930 884 1969 miani,
906 1931 1048 1962 valentis
1081 1932 1114 1962 et
1147 1931 1284 1963 vaienti-

146 1972 233 2003 niani
255 1972 398 2008 Maioris,
421 1973 476 2011 qui
498 1972 651 2004 idolorum
678 1974 800 2004 cultum
828 1973 932 2012 palam
962 1974 1019 2004 aut
1048 1974 1202 2011 soverent,
1226 1976 1285 2005 aut

146 2014 341 2047 tollerarent.
365 2014 441 2045 Vide
462 2014 508 2045 sis
528 2015 628 2054 ipsam
649 2014 829 2054 Symmachi
850 2015 1058 2045 Relationem
1080 2016 1099 2054 ξ
1120 2015 1179 2048 111.

207 2067 257 2108 (2)
278 2068 414 2107 quidam
435 2068 659 2100 doctissimus.
682 2068 774 2100 Plato
802 2067 879 2104 κατ’
903 2067 1047 2118 ἓξωκὴν.
1072 2070 1110 2102 V.
1132 2070 1179 2100 De
1200 2070 1283 2109 Rep.

147 2116 219 2148 Lib.
243 2116 282 2151 V.
