1566 2482
304 260 478 300 Latranti
505 259 654 300 obsistit
680 260 895 300 Matthaeus
912 259 988 311 (1),
1015 260 1227 312 rabiemque
1253 261 1412 302 refellit:

303 314 375 362 Qui
402 314 509 353 notat
535 326 642 353 omne
670 326 788 364 genus
816 314 978 354 carnalis
1006 314 1149 364 stirpis,
1180 316 1344 366 adusque
1447 315 1452 321 ’

305 370 524 416 Corporeum
553 367 755 416 Christum,
784 380 849 416 per
877 379 940 407 sex
967 368 1120 417 septena
1146 369 1308 409 virorum

303 422 468 460 Nomina
495 421 735 469 descendens,
766 423 803 460 et
828 433 963 461 venam
989 422 1186 472 sanguinis
1213 423 1282 462 alti
1362 424 1438 463 985

302 476 359 514 Ex
386 475 508 514 atavis
535 475 647 524 longo
673 476 802 514 texens
828 487 893 524 per
920 477 1118 515 stemmata
1146 477 1221 515 filo.

302 529 484 577 Septimus
511 528 736 567 hebdomadi
757 529 861 567 venit
887 530 1127 578 superaddere
1155 531 1278 569 sextae

303 583 414 621 Hunc
445 594 637 621 numerum
670 582 853 631 Christus,
881 583 1067 632 placidum
1097 583 1160 633 qui
1191 583 1340 623 conficit
1370 596 1436 622 an-

1254 649 1345 676 num
1374 639 1435 688 (2)

302 690 444 729 Cuncta
470 690 719 728 remittentem
747 690 997 729 contractibus
1025 636 1254 740 illaqueata[

300 743 559 792 Multimodis,
590 743 846 792 hominemque
880 743 1042 783 hominis
1071 744 1114 782 de
1147 745 1265 783 morte
1295 744 1354 795 (3)
1382 744 1433 783 le-

1146 796 1325 849 [vantem.
1357 799 1434 837 990

298 850 543 899 Imperfectus
571 850 669 890 onim
695 850 808 889 limus
835 850 1003 889 mortalis
1030 852 1110 889 erat
1135 852 1248 890 tunc:
1338 876 1342 881 -

268 931 269 936 ,
297 904 365 944 Vir
393 905 494 943 solus
521 904 705 952 perfectus
733 904 839 943 adest
867 905 976 952 atque
1004 902 1151 954 integer·
1175 905 1296 952 Iesus,

298 958 366 997 Cui
393 958 488 996 nihil
516 970 558 996 ex
586 959 725 1006 septem
753 958 916 1006 septenis
945 957 1063 996 defuit
1092 958 1166 1007 (4),
1197 970 1242 997 ex
1271 970 1341 1008 quo

297 1012 492 1050 Perficeret
520 1012 673 1050 mortale
700 1023 819 1060 genus
847 1011 983 1050 virtute
1011 1011 1177 1059 perenni.

296 1065 370 1103 Hic
384 1065 446 1103 ille
460 1066 530 1112 est,
543 1065 651 1103 nobis
671 1065 733 1114 qui
752 1064 908 1113 septima
922 1065 1078 1103 sabbata
1096 1065 1275 1113 complet,
1354 1067 1430 1104 995

295 1119 347 1157 Ut
373 1130 457 1157 caro
484 1120 612 1157 nostra
640 1119 715 1157 Deo
742 1119 894 1157 tandem
921 1118 1061 1157 sociata
1088 1118 1268 1167 quiescat,

294 1173 412 1218 Quam
438 1171 497 1210 bis
523 1173 630 1210 terna
657 1172 766 1210 malis
794 1172 979 1210 vexabant
1005 1173 1162 1211 sabbata
1191 1172 1250 1222 (5)
1280 1173 1401 1219 noxia.

294 1226 493 1266 Curramus
521 1226 620 1264 notis
647 1226 840 1275 gradibus,
869 1237 1069 1275 regumque
1098 1237 1294 1274 sequamur

294 1279 526 1328 Progeniem:
559 1279 746 1319 Christum
773 1279 939 1318 invenies
967 1279 1010 1317 de
1038 1291 1148 1318 carne
1175 1281 1371 1327 parentum

292 1332 486 1371 Effluxisse
514 1333 719 1380 hominum,
750 1332 813 1382 qui
841 1333 891 1371 sit
918 1333 962 1371 de
989 1333 1127 1371 semine
1155 1333 1292 1381 David,
1324 1333 1427 1372 1000

292 1385 410 1434 Stirpe
436 1387 620 1425 recensita
646 1386 898 1425 numerandus
926 1386 1124 1435 sanguinis
1151 1386 1272 1426 heres.

291 1440 400 1486 Quid,
432 1452 544 1488 quum
572 1440 826 1489 sanctiloquus
853 1440 1018 1478 revoluto
1046 1440 1211 1489 germine
1239 1441 1361 1479 Lucas

205 1508 221 1544 q
268 1493 442 1551 [Sursum
469 1506 598 1533 versus
626 1493 707 1543 agit
734 1493 879 1541 seriem,
911 1494 1110 1532 scandente
1138 1493 1283 1542 nepotis

353 1630 398 1669 (l)
420 1630 608 1661 Matthaeus
630 1629 682 1660 hic
697 1630 744 1660 est
766 1638 825 1660 vox
848 1628 965 1667 bissyll.

352 1673 396 1710 (2)
417 1672 586 1710 placidum
610 1672 667 1710 qui
688 1672 818 1707 conficit
831 1680 971 1702 annum.
988 1670 1021 1701 ln
1038 1669 1139 1708 glossa
1155 1671 1244 1702 unius
1259 1667 1421 1702 Vaticani:
1559 1696 1566 1713 ,

290 1725 305 1741 ‹<
329 1713 511 1750 1ub=1aeum,
534 1714 566 1743 in
590 1722 649 1751 quo
664 1722 718 1751 per
733 1713 891 1744 Christum
906 1712 1008 1743 omnia
1021 1713 1151 1751 peccata
1166 1712 1384 1743 dimittuntur.
1403 1721 1422 1741 2»
1556 1714 1566 1746 Ἰ

351 1755 396 1794 (3)
418 1756 561 1786 hominis
582 1755 619 1785 de
639 1757 752 1786 morte.
784 1754 858 1785 Scil.
882 1755 919 1785 de
942 1755 1052 1790 morte,
1080 1762 1156 1792 quae
1182 1756 1238 1793 'per
1266 1754 1421 1785 homiuem
1562 1754 1566 1764 ⁴

287 1797 439 1827 Adamum
460 1798 588 1827 advenit
609 1796 777 1827 homimum
801 1797 918 1833 generi.

349 1838 395 1878 (4)
420 1838 482 1868 Cui
509 1839 598 1869 nihil
624 1848 664 1868 ex
690 1840 808 1876 septem
836 1838 979 1877 septenis
1007 1837 1125 1875 defuit.
1148 1838 1209 1868 Hic
1235 1837 1273 1868 de
1294 1845 1421 1868 numero

260 1915 261 1918 Ἴ
285 1880 477 1918 septenario,
501 1881 538 1911 de
561 1880 646 1910 cuius
674 1880 863 1918 perfectione
890 1879 988 1910 multa
1009 1879 1158 1911 disseruit
1179 1879 1362 1911 Mmaomvs
1384 1879 1418 1910 in

286 1922 391 1953 Somn.
415 1922 498 1960 Scip.
524 1921 553 1955 1.

347 1964 391 2002 (5)
421 1964 471 1994 bis
497 1966 630 1996 terna...
653 1963 798 1995 sabbata.
823 1963 1084 2003 Quemadmodum
1099 1971 1192 2002 supra
1213 1962 1350 1994 vidimus
1369 1969 1415 1993 eo-

281 2006 387 2042 ptimoe
409 2005 471 2042 die,
495 2005 541 2036 vel
563 2005 759 2036 hebdomada
780 2006 959 2044 usurpatum
982 2005 1075 2035 fuisse
1097 2005 1136 2034 ad
1159 2005 1298 2043 requiem
1326 2004 1417 2036 deno-

283 2047 421 2081 tandam.
439 2048 472 2077 et
493 2057 511 2077 a
532 2047 635 2078 labore
660 2047 876 2085 cessationem,
899 2048 946 2078 ita.
965 2056 1025 2087 per
1044 2055 1102 2078 sex
1123 2047 1190 2077 dies
1212 2046 1261 2078 vel
1275 2054 1340 2092 per
1358 2054 1416 2079 aex

283 2088 499 2120 hebdomadas
520 2089 606 2120 labor
625 2088 829 2127 significatur.
968 2091 970 2093 ’
