1566 2482
413 180 559 220 oom'A
588 164 785 220 stisiam
810 182 1024 220 oum-mmm
1206 177 1285 218 239

201 301 435 342 Alterutrum
462 299 552 349 quia
578 299 674 339 velle
701 311 811 339 suum
837 300 908 345 est,
938 310 1008 338 nee
1035 298 1117 337 fata
1141 298 1286 337 reatum

200 356 406 404 Imponunt
432 353 590 405 homini,
621 354 686 392 sed
713 354 757 392 fit
782 364 868 391 reus
895 352 976 401 ipse
1003 354 1135 401 suopte

202 408 383 456 Arbitrio,
411 408 662 456 placitumque
689 406 795 445 nefas
821 408 859 445 et
884 405 987 445 facta
1011 406 1181 454 rependit

202 462 327 511 Impia
352 461 561 510 suppliciis,
590 461 735 507 merito,
764 471 841 498 non
867 461 965 499 sorte
983 461 1179 508 peremtus.
1208 459 1286 497 475

202 517 364 565 Quisque
381 516 491 564 putat
515 514 595 553 fato
612 526 691 553 esse
708 515 844 561 locum,
865 513 975 560 sciat,
996 513 1288 562 omniparentem

203 571 295 608 Esse
323 570 456 616 Deum,
486 568 584 607 nulh'
608 568 764 607 vetitum
791 567 971 606 fatalibus
998 567 1126 614 astris,

202 624 284 662 Neo
309 622 490 661 mathesis
515 621 744 671 praescripto
771 621 896 670 aliquo
922 621 986 669 pia
1013 622 1102 659 vota
1127 620 1271 669 repelli.

207 677 330 725 Spirat
355 676 456 715 enim
482 676 623 714 maiora
650 675 823 722 animus,
844 686 954 723 seque
981 675 1096 713 altius
1122 675 1227 713 effert

204 730 403 781 Sideribus,
429 729 639 778 transitque
666 728 748 767 vias
774 731 812 767 et
838 728 968 767 nubila
995 728 1080 775 fati,
1210 728 1289 766 480

205 781 258 822 Et
273 785 459 822 momenta
475 783 608 832 premit
634 782 804 829 pedibus,
834 794 1084 830 quaecumque
1112 782 1292 829 putantur

206 837 336 886 Figere
360 836 588 885 propositam
614 835 736 874 natali
762 837 924 883 tempore
951 838 1100 874 sortem.

153 891 238 929 Huc
265 891 368 938 ades,
399 901 505 929 omne
530 889 723 928 hominum
751 900 886 938 genus,
916 890 989 928 huo
1017 888 1224 928 concurrite
1253 890 1290 926 et

1160 942 1291 980 urbes:

209 999 292 1036 Lux
320 997 502 1036 immensa
525 997 655 1042 voeat3
686 996 862 1034 factorem
885 996 1026 1035 noscite
1055 940 1230 1034 vestdum.

205 1052 466 1100 Liberaseeta
492 1051 596 1099 patet
615 1050 683 1098 (1),
705 1049 760 1088 nil
788 1051 878 1088 sunt
894 1050 1049 1088 fatalia:
1080 1049 1140 1088 vel
1169 1049 1202 1088 si
1215 1049 1294 1087 485

208 1105 303 1144 Sunt
329 1104 472 1153 aliqua,
501 1104 670 1152 opposito
696 1105 904 1142 vanescunt
931 1103 1038 1142 irrita
1066 1103 1226 1142 Christo.

155 1159 226 1197 Sed
252 1158 362 1197 multi
389 1159 523 1197 duxere
551 1157 611 1196 dei
640 1169 701 1206 per
728 1167 903 1205 prospera
930 1159 1106 1196 Romam:

210 1213 309 1259 Quos
336 1211 426 1250 colit
452 1213 499 1250 ob
526 1211 698 1250 meritum
726 1210 876 1259 magnis
904 1211 1042 1249 donata
1068 1210 1281 1258 triumphis.

210 1267 311 1315 Ergo
338 1277 424 1315 age,
454 1264 641 1313 bellatrix,
672 1276 765 1313 quae
793 1265 852 1302 vis
880 1264 1092 1311 subiecerit,
1122 1265 1204 1311 ede,

216 1321 402 1368 Europam
421 1319 649 1368 Libyamque
675 1318 765 1356 tibi:
790 1318 849 1356 dic
876 1319 1030 1356 nomina
1057 1318 1199 1356 divum.
1221 1318 1299 1356 490
1376 1308 1379 1311 ¹

211 1373 380 1421 Iuppiter
409 1374 477 1422 (2),
507 1373 550 1411 ut
577 1373 706 1412 Cretae
734 1372 947 1420 domineris,
980 1372 1124 1419 Pallas,
1154 1372 1295 1476 ut[Ar-

1223 1437 1297 1473 gis,

214 1479 398 1528 Cynthius
424 1481 468 1518 ut
495 1479 664 1528 Delphis;
694 1479 905 1518 tribuerunt
931 1479 1051 1518 omine
1080 1479 1222 1517 dextro.

216 1533 293 1571 Isis
323 1534 374 1580 (3)
404 1533 603 1580 Nilicolas,
632 1533 796 1571 Rhodios
825 1533 1004 1581 Cytherea
1031 1532 1194 1580 reliquit.

215 1586 396 1624 Venatrix
422 1586 611 1634 Ephesum
636 1586 757 1634 virgo,
789 1586 891 1624 Mars
918 1586 1059 1624 dedidit
1086 1586 1278 1624 Hebrum:

203 1639 396 1678 -Destituit
421 1640 568 1678 Thebas
596 1640 781 1686 Bromius,
810 1639 995 1678 concessit
1021 1641 1058 1678 et
1085 1639 1168 1688 ipsa
1222 1639 1299 1676 495

217 1693 313 1732 Iuno
341 1704 427 1732 suos
463 1693 640 1742 Phrygiis
671 1694 722 1742 (4)
753 1693 890 1731 servire
917 1693 1114 1741 nepotibus
1135 1692 1271 1738 Afros;

217 1747 267 1785 Et
292 1758 404 1796 quam
430 1747 607 1786 subiectis
635 1747 823 1786 dominam
850 1747 918 1785 dea
944 1747 1120 1796 gentibus
1149 1757 1245 1792 esse,

229 1872 273 1910 (1)
295 1873 415 1903 Libera
428 1876 513 1903 secta
523 1876 628 1913 patet.
644 1873 708 1912 Quo
722 1882 815 1904 sensu
828 1873 914 1904 secta
927 1873 1132 1910 intelligenda
1146 1872 1202 1908 sit,
1218 1872 1303 1908 vide,

165 1921 276 1951 amabo
296 1922 341 1956 te,
363 1920 395 1950 in
411 1921 477 1951 alia
497 1921 636 1951 Praefat.
660 1914 923 1956 Ἀποθεώσεος,
944 1921 1053 1952 adnot.
1076 1921 1109 1951 3.

228 1963 274 2001 (2)
296 1962 449 2002 Iuppe‘ter
469 1964 532 1994 etc.
553 1963 689 1994 Numina
711 1964 762 1994 hic
783 1964 956 1999 enumerat,
979 1971 1060 2000 quae
1081 1963 1115 1992 in
1136 1962 1235 1992 variis
1250 1970 1299 1991 ur-

165 2004 257 2034 bibus
278 2004 460 2040 colerentur,
482 2005 662 2043 priusquam
678 2006 711 2036 in
726 2005 938 2035 Romanorum
959 2005 1112 2035 ditionem
1133 2004 1238 2034 essent
1258 2012 1304 2033 ro-

164 2046 289 2077 (laetae.
312 2045 350 2077 V.
373 2044 528 2076 Smomvu
550 2047 698 2086 Apollin.
722 2047 826 2079 Car-m.
847 2047 906 2079 IX.

232 2092 282 2132 (3)
304 2093 373 2123 Isis
392 2093 558 2124 Nilicolas
577 2095 642 2125 etc.
663 2094 702 2126 V.
729 2087 824 2135 Ψυχ.
849 2095 923 2125 656.

230 2135 275 2174 (4)
298 2134 470 2173 Phi-ique.
486 2159 494 2167 .
511 2159 519 2168 .
541 2135 724 2176 nepotibus.
746 2136 822 2168 Scil.
847 2135 1006 2168 Romanis.
