1566 2482
19 2146 34 2194 ⁵.-

19 2197 64 2482 ἱ

422 176 567 216 com-lu
593 158 790 215 srifflscm
817 185 1034 215 omnonmr

206 295 344 335 Tristis
370 293 503 335 iudicii
528 305 640 343 mage
666 293 850 343 poenitet,
879 305 924 333 ac
950 293 1108 340 ditionis

209 348 388 397 Effrenis,
418 348 633 397 nimiaeque
659 348 780 387 sacris
806 358 874 396 pro
899 347 1076 396 turpibus
1102 347 1202 388 irae:

208 406 458 452 compensare
485 401 591 450 cupit
615 401 833 440 taeterrima
859 401 1018 440 vulnera
1044 401 1168 440 laesae
1197 402 1275 442 520

209 456 386 497 Iustitiae
411 466 495 495 sero
522 454 699 504 obsequio
726 455 910 503 veniaque
937 455 1113 503 petenda,

210 512 270 551 Ne
295 511 404 549 tanto
430 508 586 558 imperio
613 510 781 556 maneat,
810 509 952 558 pietate
977 508 1146 557 repulsa,

210 563 360 603 Crimen
387 562 584 608 saevitiae,
613 563 823 601 monstrata
849 561 999 611 piacula
1026 562 1175 611 quaerit
1196 560 1275 614 (1),

211 619 335 666 Inque
362 616 474 656 fidem
501 615 646 655 Christi
671 615 782 664 pleno
809 616 1039 655 transfertur
1065 627 1203 655 amore.

212 671 360 710 Laurea
386 669 539 709 victoris
565 668 680 708 Marii
707 669 834 720 minus
860 669 968 709 utilis
995 669 1096 717 urbi,
1226 669 1304 708 525

211 725 333 774 Quum
356 723 522 762 traheret
547 722 755 762 Numidam
778 724 915 772 populo
939 723 1140 772 plaudente
1155 723 1303 827 [ἓξὲξ

212 831 293 870 Nec
318 830 468 868 tantum
487 828 654 877 Arpinas
667 828 798 868 consul
814 829 874 878 (2)
890 829 975 875 tibi,
993 831 1126 877 Roma,
1141 830 1305 869 medelae

214 883 398 929 Contulit,
427 883 590 921 exstinto
617 883 718 921 iusta
745 882 842 920 inter
869 882 994 921 vincla
1023 883 1207 932 Cethego;

212 938 402 985 Quantum
429 936 651 985 praecipuus
679 937 807 975 nostro
834 936 904 975 sub
930 937 1098 985 tempore
1121 936 1298 986 princeps

215 989 410 1039 Prospexit
436 989 640 1038 tribuitqw
668 989 769 1028 boni.
800 989 942 1028 Multos
973 990 1160 1029 Catilinas
1227 991 1306 1031 530

213 1044 286 1083 Ele
313 1043 421 1082 domo
448 1042 615 1091 pepulit:
646 1054 722 1082 non
750 1054 864 1081 saeva
891 1042 1069 1082 incendia
1095 1044 1223 1091 tectis,

213 1098 294 1136 Aut
319 1096 420 1135 sicas
445 1095 631 1145 patribus,
662 1097 727 1136 sed
754 1097 914 1135 Tartara
940 1097 1053 1145 nigra
1081 1097 1295 1145 animabus,

214 1151 440 1199 Internoque
467 1149 658 1189 hominum
688 1149 804 1189 statui
831 1151 1020 1189 tormenta
1045 1152 1238 1200 parantes.

214 1204 403 1243 Errabant
429 1203 555 1242 hostes
581 1215 647 1252 per
674 1203 829 1252 templa,
858 1215 924 1252 per
951 1204 1050 1243 atria
1077 1205 1234 1253 passim,

214 1259 497 1305 Romanumque
511 1256 631 1295 forum
647 1258 685 1296 et
699 1257 886 1306 Capitolia
900 1257 1002 1296 celsa
1014 1259 1212 1306 tenebant,
1229 1259 1307 1298 535

214 1311 287 1358 Qui
313 1310 527 1349 coniuratas
554 1310 639 1359 ipsa
666 1311 715 1349 ad
743 1310 877 1349 vitalia
905 1311 1026 1360 plebis

215 1363 342 1403 Moliti
367 1363 545 1411 insidias,
575 1364 679 1403 intus
707 1365 879 1413 serpente
907 1376 1050 1404 veneno
1183 1406 1187 1410 ,

216 1415 449 1457 consuerant
473 1417 602 1456 tacitis
629 1419 771 1466 pestem
798 1418 955 1457 miscere
982 1418 1172 1457 medullis.

216 1472 318 1519 Ergo
345 1470 595 1518 triumphator
621 1471 798 1509 latitante
827 1483 871 1510 ex
899 1472 1005 1511 hoste
1031 1473 1186 1521 togatus
1215 1470 1310 1524 [540

218 1523 330 1562 Clara
346 1525 500 1571 tropaea
526 1523 639 1562 refert
657 1524 737 1563 sine
764 1525 968 1574 sanguine,
988 1537 1137 1574 remque
1165 1525 1312 1573 Quirini
1333 1565 1335 1567 .

218 1576 421 1616 Adsuescit
447 1582 580 1624 supero
605 1577 742 1625 pollere
771 1577 811 1615 in
839 1578 990 1617 saecula
1015 1589 1146 1627 regno.

218 1629 387 1678 Denique
415 1640 484 1668 nec
510 1631 630 1669 metas
659 1631 793 1669 statuit
809 1631 887 1680 (3),
908 1642 977 1670 nec
995 1632 1164 1681 tempora
1181 1632 1308 1681 ponit:

217 1683 422 1732 Imperium
449 1683 530 1722 sine
557 1684 632 1722 fine
660 1684 779 1730 docet,
809 1695 877 1722 nec
905 1686 1067 1724 Romula
1093 1685 1216 1724 virtus

218 1736 302 1775 Iam
330 1736 382 1775 sit
407 1748 519 1784 anus,
548 1737 649 1775 norit
675 1749 722 1776 ne
749 1737 870 1786 gloria
897 1739 1008 1787 parta
1035 1741 1242 1779 senectam.

165 1789 362 1830 Exsultare
389 1791 515 1839 patres
542 1790 686 1838 videas,
715 1791 967 1839 pulcherrima
994 1793 1126 1831 mundi
1234 1792 1312 1832 545

218 1843 396 1891 Lumina,
425 1843 697 1894 conciliumque
726 1856 857 1884 senum
885 1845 1026 1895 gestire
1054 1847 1256 1894 Catonum,

230 1950 282 1991 (1)
304 1955 490 1984 monstrata
507 1955 646 1994 piacula
668 1956 809 1994 quaerit.
842 1956 981 1995 Inquirit
1015 1957 1048 1987 in
1076 1957 1209 1988 Fontem
1230 1957 1313 1989 salu·

166 1993 248 2024 tatis
268 1993 399 2032 lavacri,
421 1995 455 2026 in
476 1996 651 2027 tribunalia
674 1997 726 2028 ubi
748 1999 882 2036 peccata.
902 1999 1129 2036 remittuntur,
1152 2000 1186 2031 et
1209 2000 1313 2038 poeni-

167 2035 289 2066 tentiae
303 2035 389 2067 iussa
410 2036 575 2074 dicuntum
600 2040 692 2076 inque
714 2039 838 2077 aliaque
859 2039 1075 2071 Sacramenta.

230 2075 276 2114 (2)
299 2078 452 2116 Arpinas
471 2081 594 2112 cancul.
619 2080 727 2112 Cicero
749 2082 782 2111 in
803 2090 880 2118 agro
903 2082 1051 2120 arpinum
1072 2083 1180 2113 natus.

233 2117 279 2158 (3)
303 2118 450 2159 Denique
472 2130 528 2152 nec
550 2125 652 2153 metas
673 2124 805 2153 statutt.
829 2123 867 2155 V.
892 2123 985 2155 Vmo.
1009 2125 1092 2155 Aen.
1118 2126 1142 2159 1,
1167 2124 1240 2156 278.
