1566 2482
291 182 369 224 188
670 155 822 222 nami
846 186 1051 223 Pavonum-11

342 301 533 350 Liquerat‚
562 300 704 341 incesto
731 299 876 341 iuvenis
903 300 1063 340 satiatus
1090 311 1223 341 amore.

343 356 453 394 Hanc
471 355 575 394 iubet
587 354 838 404 adsumptam,
852 354 998 394 fervens
1016 355 1100 403 post
1116 354 1220 402 vina,
1238 355 1421 394 Neaeram

344 409 474 447 Secum
501 407 541 447 in
570 408 714 448 deliciis
741 408 926 447 fluitantis
953 409 1052 447 stare
1078 408 1273 457 triumphi,
1344 407 1420 448 140

342 462 594 510 Regalemque
622 462 732 502 decus
756 461 890 511 eapitis
918 463 1062 510 gestare
1078 473 1276 501 eoronam.

341 516 429 554 Mox
455 515 691 554 Ariadnaeus
719 516 838 555 stellis
864 515 1082 554 caelestibus
1109 515 1210 564 ignis

341 569 526 608 Additur·
556 569 625 608 hoo
651 569 810 618 pretium
837 568 958 607 noctis
985 568 1160 617 persolvit
1187 569 1324 608 honore

326 597 464 671 hiber,
494 624 537 661 ut
564 623 767 662 aetherium
794 622 967 661 meretrix
994 622 1191 661 inluminet
1216 634 1335 663 axem.

339 677 502 714 Tantum
528 687 635 724 posse
663 688 790 716 omnes
807 676 872 714 illo
900 676 970 715 sub
995 677 1158 724 tempore
1185 688 1307 725 reges,
1341 674 1417 714 145

340 729 522 768 Indocilis
549 729 645 768 fatui
673 730 830 769 ducebat
855 729 997 777 ineptia
1023 729 1144 778 vulgi,

339 784 393 822 Vt
418 783 578 822 transire
606 783 685 822 suis
711 795 794 822 cum
822 783 992 822 sordibus
1022 782 1262 831 induperator

341 837 472 876 Posset
499 837 539 874 in
567 838 756 875 aeternum
783 836 877 875 caeli
904 848 1013 885 super
1041 836 1158 875 ardua
1183 848 1355 885 regnum.

312 890 460 938 sRegia
486 891 576 929 tunc
604 890 722 929 omnis
749 890 826 928 vim
853 889 1064 929 Maiestatis
1095 890 1170 939 (1),
1192 891 1230 928 et
1256 890 1392 932 omniS.

287 939 294 944 ’
341 944 464 982 Parva
490 943 591 991 licet,
621 944 713 982 caeli
740 943 934 991 imperium
960 943 1115 983 retinere
1151 945 1316 992 potestas
1345 943 1421 983 150

341 997 512 1036 Credita:
542 999 623 1036 ture
650 997 763 1036 etiam
791 997 957 1043 ducibus,
987 1008 1173 1046 parvoque
1201 997 1336 1036 sacello

339 1051 555 1099 Impertitus
582 1051 719 1090 honos:
741 1063 848 1099 quem
876 1051 963 1089 dum
982 1052 1115 1098 metus,
1137 1052 1202 1089 aut
1219 1062 1336 1155 amors
1356 1050 1423 1089 aut

1337 1115 1421 1152 spes

338 1157 605 1204 Accumulant‚
634 1157 788 1206 longum
817 1155 960 1196 miseris
987 1155 1168 1206 processit
1194 1157 1235 1196 in
1262 1168 1395 1197 aevum

338 1211 422 1249 Mos
448 1210 606 1259 patrius.
639 1211 766 1259 Coepit
794 1210 912 1250 falsae
938 1211 1090 1259 pietatis
1118 1211 1243 1260 imago

339 1264 399 1303 Ire
426 1275 491 1312 per
518 1264 672 1312 ignaros
699 1264 874 1303 nebuloso
902 1275 1022 1303 errore
1050 1266 1222 1313 nepotes:
1342 1261 1419 1302 155

340 1318 434 1356 Tum
462 1317 564 1366 quia,
595 1329 688 1366 quae
716 1317 812 1356 vivis
839 1318 1029 1357 veneratio
1056 1318 1208 1367 regibus
1235 1318 1323 1356 ante

340 1371 572 1419 Contigerat,
601 1371 740 1410 functis
767 1372 893 1410 eadem
921 1371 996 1410 iam
1023 1383 1173 1410 munere
1201 1371 1296 1410 lucis

342 1424 475 1472 Cessit,
506 1426 542 1462 et
567 1425 615 1462 ad
643 1425 772 1473 nigras
801 1424 935 1463 altaria
962 1425 1156 1464 transtulit
1181 1437 1311 1463 urnas.

339 1478 432 1516 Inde
460 1478 665 1526 puellarum
692 1478 871 1526 ludibria,
901 1479 1060 1527 pignora
1087 1479 1230 1527 partus,

338 1532 387 1570 Et
405 1531 567 1570 furtivus
585 1543 687 1570 amor
714 1532 904 1576 iuvenum,
927 1534 964 1570 et
983 1533 1163 1580 deprensa
1182 1531 1322 1580 iugalis
1342 1530 1419 1570 160

339 1584 553 1632 Corruptela
581 1585 675 1624 tori:
707 1586 884 1634 quoniam
911 1586 1099 1634 regalibus
1127 1585 1215 1624 aula

337 1639 490 1676 Fervere
518 1639 608 1677 tunc
635 1638 740 1677 vitiis
768 1639 879 1677 solita
906 1641 977 1686 est,
1008 1650 1076 1677 nec
1102 1638 1248 1687 perdita
1275 1638 1366 1677 luxu

338 1691 518 1738 Divorum
545 1691 687 1731 soboles
715 1692 837 1731 sancti
864 1692 1075 1731 meminisse
1102 1692 1269 1741 pudoris.

286 1802 320 1832 et
340 1810 483 1833 eoronam
506 1803 624 1840 septem
645 1802 810 1833 stellarum
832 1803 861 1833 ei
884 1802 982 1840 dedit,
998 1811 1060 1840 qua
1081 1803 1176 1842 caput
1197 1803 1358 1840 tamquam
1373 1811 1420 1834 ro-

285 1845 376 1881 ginae
397 1843 569 1874 redimiret.
592 1844 713 1874 Mortua
734 1844 881 1880 Ariadne,
905 1844 972 1875 eius
999 1844 1142 1875 diadema
1168 1845 1202 1875 in
1229 1844 1348 1875 caelum
1369 1846 1421 1874 est

285 1886 433 1924 positum,
455 1885 534 1922 quod
556 1885 752 1916 Pnopmvrivs
774 1886 889 1916 cecinit
911 1886 945 1918 L.
967 1885 1014 1917 111
1040 1885 1287 1925 E1e9„17.1)0
1306 1894 1420 1916 corona

284 1927 442 1958 Ariadnen
462 1927 499 1956 V.
522 1926 641 1958 Hiram.
664 1927 695 1957 11
716 1930 903 1959 Astu-‚onom
925 1929 957 1960 5.
979 1944 1022 1950 —
1042 1928 1268 1967 induperator,
1291 1929 1348 1958 aut
1366 1935 1418 1958 en·

285 1969 464 2008 duperotor
486 1965 567 1998 idem
588 1969 638 1999 est
661 1969 741 2006 quod
763 1970 943 2008 imperator
965 1970 1004 1999 ab
1022 1970 1157 2007 antiquo
1185 1969 1267 1999 endo
1290 1977 1347 2008 pro
1366 1968 1416 2002 δη.

285 2010 383 2048 Saepe
403 2010 525 2040 videbis
547 2010 580 2040 in
602 2010 758 2040 Lvonmio
780 2012 813 2041 et
835 2011 937 2041 Emuo
959 2011 1042 2050 apud
1063 2011 1211 2043 Tullium

348 2052 393 2090 (1)
414 2052 481 2081 vim
503 2052 697 2084 maiestatis.
714 2053 859 2083 Maiestas
874 2061 930 2091 pro
945 2061 980 2083 eo
995 2052 1074 2090 quod
1089 2056 1137 2083 est
1150 2053 1205 2084 Dei
1222 2051 1416 2089 magnitudo,

284 2092 332 2122 vis
353 2094 386 2122 et
400 2101 512 2123 numen
535 2093 571 2126 V.
595 2092 672 2126 CAR.
698 2094 822 2125 Far-:sun
853 2094 900 2126 Dv
934 2094 1040 2125 cinon
1067 2094 1100 2124 in
1133 2095 1239 2126 Gloss.
1271 2094 1419 2125 Praestat

285 2133 464 2166 Maiestatis
475 2134 629 2172 originem
651 2135 819 2178 attingere,
842 2143 934 2174 qua-m
955 2136 1072 2168 cecinit
1091 2136 1183 2168 Ovm.
1205 2135 1298 2170 Faet.
1312 2136 1351 2174 V,
1363 2135 1431 2167 25..
