1566 2482
435 183 578 213 coum
600 164 800 212 ermom
818 164 1045 210 eunoun
1219 168 1296 208 221

209 297 282 335 Cur
306 294 422 334 efiam
448 291 588 340 templo
614 289 779 337 Triviae,
808 288 978 337 lucisque
1005 288 1166 328 sacratis

209 347 432 409 cornipedes
449 347 625 385 arcentur
642 344 728 394 equi
748 343 816 393 (1),
844 354 959 391 quum
986 343 1097 381 Musa
1124 342 1299 391 pudicum

208 401 386 452 Raptarit
409 401 581 440 iuvenem
611 400 662 448 (2)
691 396 833 437 volueri
859 408 925 445 per
950 396 1063 435 litora
1088 407 1215 443 curru,
1248 398 1297 435 55

207 457 327 505 quue
353 455 469 494 etiam
495 453 618 503 paries
643 452 717 491 tibi
743 450 988 490 versicolorus
1021 451 1244 489 adumbret?

208 511 362 571 Desine,
393 509 427 548 si
452 509 572 557 pudor
597 507 670 554 est,
701 504 858 555 gentilis
884 503 1043 552 ineptia,
1073 505 1227 542 tandem

209 566 283 603 Res
308 564 544 611 incorporeas
570 560 761 600 simulatis
790 559 929 607 fingere
957 558 1156 597 membris:

209 617 362 665 Desine,
389 618 497 665 terga
524 614 687 654 hominis
704 613 843 662 plumis
870 612 1071 651 obducere:
1103 612 1245 650 frustra

209 672 341 710 Fertur
354 670 436 710 avis
449 669 596 716 mulier,
612 678 846 716 magnusque
860 666 990 705 eadem
1004 667 1072 704 dea
1087 665 1223 704 vultur.
1246 666 1297 704 60

207 725 291 764 Vis·
304 725 474 764 decorare
500 725 622 770 tuum,
653 721 842 760 ditissima
869 721 1002 767 Roma,
1034 721 1235 758 senatum?

207 779 398 827 Suspende
425 776 578 816 exuvias
604 776 720 815 armis
747 775 786 813 et
813 774 999 823 sanguine
1027 775 1174 822 captas,

209 833 374 881 Congere
401 842 591 870 caesorum
619 828 754 868 victrix
782 828 995 866 diademata
1023 839 1169 876 regum,

206 887 355 935 Frange
382 884 614 933 repulsorum
640 883 749 922 foeda
776 883 995 921 ornamenta
1014 882 1187 920 deorum:

207 941 320 979 Nunc
349 939 418 978 tibi
444 950 521 977 non
547 937 658 976 terris
684 938 836 975 tantum
863 935 1022 975 victoria
1048 936 1173 984 parta,
1245 935 1295 973 65

204 993 275 1032 Sed
301 1005 412 1041 super
439 994 543 1031 astra
570 991 683 1030 etiam
712 990 835 1029 media
863 989 1075 1028 servabitur
1103 990 1208 1028 aede.

204 1047 312 1086 Talia
338 1046 570 1095 principibus
598 1045 698 1083 dicta
725 1043 992 1083 interfantibus
1012 1044 1079 1091 (3),
1109 1043 1173 1081 ille

204 1101 458 1149 Persequitur,
474 1099 697 1149 magnisque
707 1099 837 1136 tubam
847 1097 1087 1136 concentibus
1098 1096 1206 1135 inflat
1228 1096 1294 1144 (4):

204 1155 370 1203 Adlegat
398 1164 534 1192 morem
562 1154 738 1192 veterem:
769 1152 824 1190 nil
853 1151 1000 1190 dulcius
1028 1163 1108 1192 esse

203 1209 394 1248 Adfirmat
416 1207 561 1254 solitis;
582 1206 811 1255 populosque
831 1205 1071 1253 hominesque
1097 1203 1217 1243 teneri
1247 1204 1296 1242 70

205 1263 304 1311 Lege
332 1273 416 1300 sua.
445 1261 548 1300 Sicut
581 1260 708 1299 variae
734 1259 994 1305 nascentibus,
1014 1258 1154 1307 inquit,

206 1315 442 1364 Contingunt
467 1314 592 1363 pueris
620 1314 793 1353 animae:
824 1313 879 1352 sie
905 1312 1062 1352 urbibus
1094 1311 1216 1351 adfert

203 1370 308 1408 Hora
327 1369 476 1417 diesque
497 1380 604 1407 suum
626 1369 693 1416 (5),
723 1379 837 1416 quum
852 1367 1014 1415 primum
1033 1366 1185 1470 moenia?
1213 1377 1292 1404 sur-

1183 1420 1292 1468 gunt,

205 1477 283 1514 Aut
300 1476 435 1522 fatum,
457 1476 523 1514 aut
541 1475 707 1524 genium,
729 1474 835 1513 cuius
854 1473 1101 1512 moderamine
1119 1473 1291 1522 regnent.

208 1529 323 1567 Addit
349 1531 386 1568 et
414 1540 592 1567 areanum
619 1540 754 1575 rerum,
785 1529 934 1576 verique
962 1528 1125 1566 latebras
1245 1526 1293 1564 75

215 1666 262 1706 (1)
284 1665 481 1705 Cor-nipedes
502 1667 661 1696 arcentur
682 1665 768 1704 equi.
790 1666 875 1696 Haec
897 1665 931 1695 in
954 1673 1018 1696 rem
1033 1673 1122 1695 suam
1138 1664 1295 1695 der1vavit

151 1711 256 1739 noster
267 1716 306 1739 ex
319 1707 472 1738 Aeneidos
495 1706 690 1745 Virgilianae
712 1707 791 1738 libro
813 1707 883 1743 VII,
909 1707 992 1738 770-
1005 1707 1078 1738 771.

215 1750 262 1788 (2)
282 1758 386 1788 quum
408 1758 506 1779 musa
522 1749 685 1789 paciacum
713 1750 876 1788 Raptor-it
896 1749 1058 1780 iuvenem.
1075 1748 1292 1788 Hippolytum.

151 1799 188 1828 V
212 1790 288 1838 περὶ
312 1789 412 1837 Στεφ.
438 1796 497 1833 XI,
522 1796 576 1829 87,

216 1840 262 1879 (3)
281 1838 522 1877 interfantibus
544 1839 630 1877 part.
653 1839 692 1869 ab
715 1838 890 1876 interseris,
911 1838 999 1869 satus
1013 1847 1095 1876 sum,
1114 1838 1178 1874 sri3
1196 1837 1292 1868 inter-

151 1882 356 1920 pellentibus,
379 1880 678 1918 interloquentibus.

215 1922 265 1962 (4)
283 1923 479 1962 maynieque
506 1922 618 1952 tubam
646 1923 849 1953 oonoentt‘bus
878 1923 987 1961 inflat.
1019 1923 1062 1952 Vt
1089 1921 1294 1953 Claudianum

150 1965 331 1995 Mninncvu
341 1965 632 2002 eloquentissimum
646 1964 780 1995 extollat
793 1965 842 1995 ita
855 1965 1003 1996 Sinomvs
1013 1964 1184 2000 Amnum
1201 1966 1294 1993 tuam

152 2007 266 2037 tubam
288 2009 377 2037 totus
397 2015 465 2045 qua
483 2007 592 2044 potm't
611 2006 714 2037 orbis
719 2007 794 2037 im
815 2006 1041 2038 venerabitur.

215 2048 261 2087 (5)
283 2049 364 2078 hora
392 2048 522 2087 diesque
543 2058 656 2079 sumn.
686 2049 733 2079 Ex
752 2057 813 2079 uno
835 2048 993 2079 Thuianeo
1013 2048 1125 2079 Hzms.
1156 2048 1229 2078 suis
1243 2047 1292 2077 de·

150 2090 276 2122 scribit.
299 2090 364 2121 Nos
383 2099 482 2120 suum
503 2091 676 2128 sequimui,
703 2099 823 2121 omnes
833 2090 898 2121 fere
919 2090 1008 2121 codd.
1032 2090 1146 2125 secuti,
1169 2091 1295 2128 praeter

153 2141 262 2170 unum,
285 2133 337 2169 qui
359 2131 455 2163 habet
475 2141 570 2163 suus.
