1566 2482
567 158 856 206 namnvermm
1233 153 1284 192 99

137 269 264 316 Errat,
280 267 350 316 ait,
367 267 431 317 qui
443 267 631 307 luctamen
648 269 708 319 (1)
723 280 808 308 eum
821 269 1009 320 sanguine
1023 271 1132 312 nobis
1146 303 1155 321 ‚
1205 272 1283 312 510

136 323 187 361 Et
211 333 338 369 carne,
368 323 405 361 et
431 322 539 361 venis
566 322 812 371 ferventibus,
843 325 881 363 et
906 324 1045 364 vitioso

135 376 235 415 Felle
261 377 384 424 putat,
415 376 620 425 calidisque
648 378 815 417 animam
841 390 994 427 peccare
1021 380 1210 419 medullis.

136 430 225 469 Non
257 431 418 469 mentem
445 442 514 469 sua
546 432 712 471 membra
739 434 914 481 premunt
938 433 998 484 (2)
1020 463 1029 481 ‚
1068 445 1135 473 nec
1162 436 1284 474 terrea

1162 489 1282 528 virtus

134 539 341 587 oppugnat
368 550 502 577 sensus
530 537 708 587 liquidos,
739 539 882 579 bellove
909 540 1083 587 lacessit3
1144 487 1159 540 [

132 593 204 630 Sed
230 603 314 631 cum
342 592 539 640 spiritibus
560 593 773 632 'tenebrosis
801 595 907 633 nocte
936 594 1066 643 dieque
1202 595 1279 634 515

132 645 414 694 congredimur,
444 658 600 695 quorum
628 647 882 687 dominatibus
911 649 1089 688 humidus
1117 650 1188 688 iste

132 701 182 738 Et
208 699 327 748 pigris
354 700 493 739 densus
522 701 668 740 nebulis
697 701 928 751 obtemperat
954 708 1029 742 aer.

131 753 284 793 Scilicet
305 754 374 792 hoc
400 754 576 802 medium,
597 755 740 794 caelum
767 756 865 795 inter
891 758 928 794 et
954 757 1086 795 infima
1113 761 1232 796 terrae

130 808 236 854 Quod
262 809 380 856 patet,
411 809 448 846 et
475 820 591 847 vacuo
619 810 736 855 nubes
764 810 961 858 suspendit
988 811 1110 858 hiatu,

132 862 253 899 Frena
279 862 507 910 potestatum
533 862 724 902 variarum
753 863 926 912 sustinet,
955 876 1000 903 ac
1027 866 1097 903 sub
1202 867 1279 904 520

132 914 304 963 Principe
331 915 438 954 Belia
467 916 526 965 (3)
557 917 759 956 rectoribus
787 918 912 956 horret
939 917 1094 967 iniquis.

131 968 204 1007 His
232 969 488 1008 conluctamur
514 971 778 1018 praedonibus,
809 972 851 1009 ut
879 983 985 1010 sacra
1013 973 1121 1011 nobis

131 1021 216 1061 Oris
244 1023 451 1070 Apostolici
478 1024 586 1062 testis
614 1025 803 1063 sententia
829 1026 966 1073 prodit.

130 1076 249 1114 Nemo
277 1076 447 1115 habitum
475 1078 647 1125 naturae,
678 1080 744 1117 aut
772 1079 992 1117 inritamina
1019 1092 1179 1128 peccans

129 1129 300 1178 Corporis
328 1132 501 1170 accuset:
532 1131 642 1170 facile
670 1134 728 1171 est
754 1132 899 1171 frenare
926 1134 1082 1173 rebelles
1202 1136 1277 1173 525

130 1183 312 1222 Adfectus
339 1185 478 1232 carnis,
510 1185 716 1235 nimiosque
743 1187 937 1226 retundere
964 1188 1096 1236 pulsus

128 1237 309 1275 Materiae
337 1238 500 1287 fragilis,
530 1240 568 1277 et
593 1240 737 1279 viscera
763 1241 864 1279 victa
892 1242 1056 1280 domare.

129 1290 273 1339 Quippe
300 1291 450 1331 animus
476 1292 588 1342 longe
616 1295 881 1342 praestantior,
912 1296 1038 1343 utpote
1067 1308 1211 1335 summo

127 1345 287 1383 Aethere
316 1345 515 1394 demissus,
546 1347 732 1387 subiectos
760 1349 794 1387 si
820 1348 913 1387 velit
939 1351 1044 1388 artus

106 1397 291 1447 >Imperio
318 1411 496 1448 quassare
523 1401 647 1449 gravi,
677 1401 864 1451 iussisque
892 1403 1031 1442 severis
1161 1410 1183 1430 -'
1200 1405 1277 1444 530

127 1452 283 1500 Dedere,
312 1454 488 1502 regnanti
516 1455 675 1494 Domino
705 1454 766 1507 (4)
795 1456 854 1495 vis
883 1457 989 1495 nulla
1015 1457 1180 1497 resistet.

128 1505 250 1544 Maior
275 1507 374 1546 inest
402 1507 460 1546 vis
487 1507 555 1546 illa
582 1509 741 1558 homini,
772 1522 865 1559 quae
894 1511 1011 1549 flatile
1039 1511 1144 1550 virus

191 1661 242 1702 (l)
266 1662 383 1698 ErQrat
406 1664 468 1699 ait,
491 1664 550 1702 qui
572 1664 735 1694 luctamen
757 1666 819 1696 etc.
844 1666 880 1695 V.
903 1665 938 1698 S.
964 1667 1063 1698 PAVLI
1089 1667 1134 1697 ad
1154 1667 1206 1707 ΕΡ
1207 1669 1275 1700 hes.

126 1704 219 1734 verba
242 1703 293 1738 VI.
320 1704 375 1739 12·
400 1713 492 1742 quem
515 1705 615 1736 locum
638 1707 751 1737 Esrrvs
774 1707 926 1744 dec¹arat,
945 1709 1030 1740 hisce
1055 1710 1277 1747 prudentianis

127 1746 266 1776 versibus
287 1754 371 1777 usus.

189 1786 241 1827 (2)
264 1787 340 1818 Non
362 1791 500 1818 mentem
521 1798 584 1820 sua
607 1791 751 1821 membra
772 1791 835 1822 etc.
859 1791 972 1830 Re'ege
1000 1801 1038 1823 ex
1068 1793 1191 1831 integro
1220 1804 1275 1833 pu-

125 1838 230 1866 gnam.
253 1837 344 1867 quam
367 1839 436 1860 cum
459 1831 604 1861 daemone
624 1841 680 1862 nos
702 1833 867 1864 instituere
889 1834 1015 1865 fortiter
1036 1844 1054 1866 ο
1056 1837 1169 1874 p.0rtet

188 1871 233 1909 (3)
253 1873 405 1911 principe
426 1873 535 1905 Belia.
558 1873 670 1904 Belial
693 1874 758 1914 (uti
792 1875 891 1907 habet
917 1876 1074 1917 msam.)
1110 1878 1221 1909 indecl.
1243 1880 1276 1910 et

124 1912 184 1942 Bel
186 1913 232 1951 ia,
248 1922 300 1949 ae,
314 1922 358 1944 m.
374 1923 412 1944 ex
433 1915 561 1945 Ismono
584 1915 656 1947 VIII
679 1916 759 1956 Oray
763 1917 836 1949 ..Π
854 1918 936 1949 idem
952 1919 1037 1949 valet
1051 1929 1088 1950 ao
1102 1921 1174 1950 sine
1184 1922 1274 1961 iuyo,

125 1957 235 1992 estque
247 1955 380 1993 spiritns
394 1964 537 1994 nequam,
561 1958 727 1995 malignus.
727 1927 788 1990 ‘ql-f.
815 1957 910 2006 Ψχ,υ
935 1961 1007 1992 714.

190 2001 241 2042 (4)
265 2005 419 2041 reynanti
440 2004 591 2037 Domino.
617 2006 754 2044 Etenim,
777 2008 824 2038 uti
847 2009 936 2039 docet
957 2009 1082 2040 Con-cn..
1114 2009 1214 2041 Tam.
1235 2011 1270 2046 V,

125 2043 145 2082 ξ
166 2044 206 2074 5.
232 2055 249 2073 «
271 2045 348 2075 licet
368 2046 401 2076 in
421 2046 509 2077 nobis
530 2050 778 2087 concupiscentia
800 2050 840 2080 ad
861 2059 991 2088 agonem
1013 2051 1126 2082 relicta
1141 2052 1200 2090 sit,
1220 2061 1271 2083 no-

127 2093 195 2116 cere
217 2086 324 2117 tamen
345 2095 405 2117 non
427 2090 704 2127 consentientibus,
729 2092 782 2122 sed
805 2092 943 2124 viriliter
975 2102 1030 2133 per
1060 2094 1131 2127 Iesu
1153 2074 1271 2128 ch’risti

126 2127 263 2164 gratiam
284 2130 545 2168 repugnantibuS‚
569 2140 631 2162 non
652 2132 748 2165 valet.
773 2144 791 2162 »

1103 2198 1123 2222 9
