<?xml version="1.0" encoding="UTF-8"?>
<!DOCTYPE html PUBLIC "-//W3C//DTD XHTML 1.0 Transitional//EN"
    "http://www.w3.org/TR/xhtml1/DTD/xhtml1-transitional.dtd">
<html xmlns="http://www.w3.org/1999/xhtml" xml:lang="en" lang="en">
 <head>
  <title>
</title>
<meta http-equiv="Content-Type" content="text/html;charset=utf-8" />
  <meta name='ocr-system' content='tesseract 3.04.00' />
  <meta name='ocr-capabilities' content='ocr_page ocr_carea ocr_par ocr_line ocrx_word'/>
</head>
<body>
  <div class='ocr_page' id='page_1' title='image "./operaprud00pruduoft_0126.png"; bbox 0 0 1566 2482; ppageno 0'>
   <div class='ocr_carea' id='block_1_1' title="bbox 281 151 1039 193">
    <p class='ocr_par' dir='ltr' id='par_1_1' title="bbox 281 151 1039 193">
     <span class='ocr_line' id='line_1_1' title="bbox 281 151 1039 193; baseline 0.003 -3"><span class='ocrx_word' id='word_1_1' title='bbox 281 151 357 190; x_wconf 79' lang='lat'>122</span> <span class='ocrx_word' id='word_1_2' title='bbox 657 162 810 192; x_wconf 66' lang='lat' dir='ltr'>Avitum</span> <span class='ocrx_word' id='word_1_3' title='bbox 838 163 1039 193; x_wconf 68' lang='lat' dir='ltr'>Pavonum</span> 
     </span>
    </p>
   </div>
   <div class='ocr_carea' id='block_1_2' title="bbox 1121 0 1566 249">
    <p class='ocr_par' dir='ltr' id='par_1_2' title="bbox 1121 0 1566 249">
     <span class='ocr_line' id='line_1_2' title="bbox 1121 0 1566 249; baseline 0 2233"><span class='ocrx_word' id='word_1_4' title='bbox 1121 0 1566 249; x_wconf 95' lang='lat' dir='ltr'> </span> 
     </span>
    </p>
   </div>
   <div class='ocr_carea' id='block_1_3' title="bbox 278 271 1423 1286">
    <p class='ocr_par' dir='ltr' id='par_1_3' title="bbox 283 271 1233 323">
     <span class='ocr_line' id='line_1_3' title="bbox 283 271 1233 323; baseline 0.003 -13"><span class='ocrx_word' id='word_1_5' title='bbox 283 273 458 320; x_wconf 89' lang='lat' dir='ltr'>Pugnare</span> <span class='ocrx_word' id='word_1_6' title='bbox 485 273 631 311; x_wconf 99' lang='lat' dir='ltr'>nosmet</span> <span class='ocrx_word' id='word_1_7' title='bbox 659 271 720 322; x_wconf 85' lang='lat'>(1)</span> <span class='ocrx_word' id='word_1_8' title='bbox 750 284 834 311; x_wconf 90' lang='lat' dir='ltr'>cum</span> <span class='ocrx_word' id='word_1_9' title='bbox 859 273 1029 322; x_wconf 85' lang='lat' dir='ltr'>profanis</span> <span class='ocrx_word' id='word_1_10' title='bbox 1055 273 1233 323; x_wconf 86' lang='lat' dir='ltr'>gentibus</span> 
     </span>
    </p>

    <p class='ocr_par' dir='ltr' id='par_1_4' title="bbox 279 325 1423 430">
     <span class='ocr_line' id='line_1_4' title="bbox 279 325 1423 376; baseline 0.003 -13"><span class='ocrx_word' id='word_1_11' title='bbox 279 325 420 373; x_wconf 79' lang='lat' dir='ltr'><strong>Suasit,</strong></span> <span class='ocrx_word' id='word_1_12' title='bbox 451 337 630 375; x_wconf 88' lang='lat' dir='ltr'>suumque</span> <span class='ocrx_word' id='word_1_13' title='bbox 659 337 789 365; x_wconf 78' lang='lat' dir='ltr'>suasor</span> <span class='ocrx_word' id='word_1_14' title='bbox 816 327 1024 376; x_wconf 89' lang='lat' dir='ltr'>exemplum</span> <span class='ocrx_word' id='word_1_15' title='bbox 1051 327 1176 375; x_wconf 85' lang='lat' dir='ltr'>dedit3</span> <span class='ocrx_word' id='word_1_16' title='bbox 1372 327 1423 366; x_wconf 92' lang='lat'>10</span> 
     </span>
     <span class='ocr_line' id='line_1_5' title="bbox 279 379 1084 430; baseline 0.004 -13"><span class='ocrx_word' id='word_1_17' title='bbox 279 379 359 417; x_wconf 89' lang='lat' dir='ltr'>Nec</span> <span class='ocrx_word' id='word_1_18' title='bbox 387 380 474 417; x_wconf 87' lang='lat' dir='ltr'>ante</span> <span class='ocrx_word' id='word_1_19' title='bbox 501 380 641 428; x_wconf 86' lang='lat' dir='ltr'>prolem</span> <span class='ocrx_word' id='word_1_20' title='bbox 668 380 902 429; x_wconf 89' lang='lat' dir='ltr'>coniugalem</span> <span class='ocrx_word' id='word_1_21' title='bbox 930 381 1084 430; x_wconf 81' lang='lat' dir='ltr'>gignere</span> 
     </span>
    </p>

    <p class='ocr_par' dir='ltr' id='par_1_5' title="bbox 280 433 1188 483">
     <span class='ocr_line' id='line_1_6' title="bbox 280 433 1188 483; baseline 0.002 -13"><span class='ocrx_word' id='word_1_22' title='bbox 280 433 356 470; x_wconf 92' lang='lat' dir='ltr'>Deo</span> <span class='ocrx_word' id='word_1_23' title='bbox 382 433 590 480; x_wconf 78' lang='lat' dir='ltr'>placentem</span> <span class='ocrx_word' id='word_1_24' title='bbox 620 433 695 483; x_wconf 80' lang='lat'><strong>(2),</strong></span> <span class='ocrx_word' id='word_1_25' title='bbox 726 436 843 472; x_wconf 90' lang='lat' dir='ltr'>matre</span> <span class='ocrx_word' id='word_1_26' title='bbox 871 434 1008 473; x_wconf 86' lang='lat' dir='ltr'>virtute</span> <span class='ocrx_word' id='word_1_27' title='bbox 1035 435 1188 482; x_wconf 87' lang='lat' dir='ltr'>editam,</span> 
     </span>
    </p>

    <p class='ocr_par' dir='ltr' id='par_1_6' title="bbox 279 486 1106 536">
     <span class='ocr_line' id='line_1_7' title="bbox 279 486 1106 536; baseline 0.004 -12"><span class='ocrx_word' id='word_1_28' title='bbox 279 487 399 532; x_wconf 80' lang='lat' dir='ltr'>Quam</span> <span class='ocrx_word' id='word_1_29' title='bbox 425 487 550 534; x_wconf 88' lang='lat' dir='ltr'>strage</span> <span class='ocrx_word' id='word_1_30' title='bbox 577 486 698 525; x_wconf 86' lang='lat' dir='ltr'>multa</span> <span class='ocrx_word' id='word_1_31' title='bbox 724 487 923 527; x_wconf 89' lang='lat' dir='ltr'>bellicosus</span> <span class='ocrx_word' id='word_1_32' title='bbox 951 488 1106 536; x_wconf 89' lang='lat' dir='ltr'>spiritus</span> 
     </span>
    </p>

    <p class='ocr_par' dir='ltr' id='par_1_7' title="bbox 280 540 1091 590">
     <span class='ocr_line' id='line_1_8' title="bbox 280 540 1091 590; baseline 0.005 -13"><span class='ocrx_word' id='word_1_33' title='bbox 280 540 458 578; x_wconf 85' lang='lat' dir='ltr'>Portenta</span> <span class='ocrx_word' id='word_1_34' title='bbox 485 540 606 578; x_wconf 87' lang='lat' dir='ltr'>cordis</span> <span class='ocrx_word' id='word_1_35' title='bbox 634 540 830 579; x_wconf 86' lang='lat' dir='ltr'>servientis</span> <span class='ocrx_word' id='word_1_36' title='bbox 858 542 917 590; x_wconf 87' lang='lat'>(3)</span> <span class='ocrx_word' id='word_1_37' title='bbox 946 542 1091 582; x_wconf 83' lang='lat' dir='ltr'>vicerit.</span> 
     </span>
    </p>

    <p class='ocr_par' dir='ltr' id='par_1_8' title="bbox 279 592 1422 693">
     <span class='ocr_line' id='line_1_9' title="bbox 279 592 1422 643; baseline 0.003 -12"><span class='ocrx_word' id='word_1_38' title='bbox 279 592 430 631; x_wconf 87' lang='lat' dir='ltr'>Victum</span> <span class='ocrx_word' id='word_1_39' title='bbox 458 593 597 632; x_wconf 85' lang='lat' dir='ltr'>feroces</span> <span class='ocrx_word' id='word_1_40' title='bbox 623 593 718 632; x_wconf 85' lang='lat' dir='ltr'>forte</span> <span class='ocrx_word' id='word_1_41' title='bbox 745 605 853 643; x_wconf 87' lang='lat' dir='ltr'>reges</span> <span class='ocrx_word' id='word_1_42' title='bbox 880 597 1076 643; x_wconf 81' lang='lat' dir='ltr'>coeperant</span> <span class='ocrx_word' id='word_1_43' title='bbox 1373 595 1422 634; x_wconf 89' lang='lat'>15</span> 
     </span>
     <span class='ocr_line' id='line_1_10' title="bbox 279 646 1098 693; baseline 0.004 -9"><span class='ocrx_word' id='word_1_44' title='bbox 279 646 391 693; x_wconf 87' lang='lat' dir='ltr'>Loth,</span> <span class='ocrx_word' id='word_1_45' title='bbox 421 647 678 686; x_wconf 86' lang='lat' dir='ltr'>immorantem</span> <span class='ocrx_word' id='word_1_46' title='bbox 705 647 918 687; x_wconf 83' lang='lat' dir='ltr'>criminosis</span> <span class='ocrx_word' id='word_1_47' title='bbox 944 649 1098 687; x_wconf 83' lang='lat' dir='ltr'>urbibus</span> 
     </span>
    </p>

    <p class='ocr_par' dir='ltr' id='par_1_9' title="bbox 279 699 1264 805">
     <span class='ocr_line' id='line_1_11' title="bbox 279 699 1264 750; baseline 0.003 -12"><span class='ocrx_word' id='word_1_48' title='bbox 279 699 454 739; x_wconf 86' lang='lat' dir='ltr'>Sodomae</span> <span class='ocrx_word' id='word_1_49' title='bbox 482 703 518 739; x_wconf 89' lang='lat' dir='ltr'>et</span> <span class='ocrx_word' id='word_1_50' title='bbox 546 701 792 740; x_wconf 81' lang='lat' dir='ltr'>Gomorrhae:</span> <span class='ocrx_word' id='word_1_51' title='bbox 824 713 917 750; x_wconf 87' lang='lat' dir='ltr'>quas</span> <span class='ocrx_word' id='word_1_52' title='bbox 945 702 1093 741; x_wconf 88' lang='lat' dir='ltr'>fovebat</span> <span class='ocrx_word' id='word_1_53' title='bbox 1119 703 1264 742; x_wconf 88' lang='lat' dir='ltr'>advena</span> 
     </span>
     <span class='ocr_line' id='line_1_12' title="bbox 279 753 1073 805; baseline 0.005 -15"><span class='ocrx_word' id='word_1_54' title='bbox 279 753 431 792; x_wconf 90' lang='lat' dir='ltr'>Pollens</span> <span class='ocrx_word' id='word_1_55' title='bbox 458 754 595 793; x_wconf 87' lang='lat' dir='ltr'>honore</span> <span class='ocrx_word' id='word_1_56' title='bbox 621 755 800 803; x_wconf 89' lang='lat' dir='ltr'>patruelis</span> <span class='ocrx_word' id='word_1_57' title='bbox 828 755 968 803; x_wconf 89' lang='lat' dir='ltr'>gloriae</span> <span class='ocrx_word' id='word_1_58' title='bbox 998 756 1073 805; x_wconf 76' lang='lat'><strong>(4).</strong></span> 
     </span>
    </p>

    <p class='ocr_par' dir='ltr' id='par_1_10' title="bbox 278 807 1046 856">
     <span class='ocr_line' id='line_1_13' title="bbox 278 807 1046 856; baseline 0.003 -11"><span class='ocrx_word' id='word_1_59' title='bbox 278 807 434 855; x_wconf 87' lang='lat' dir='ltr'>Abram,</span> <span class='ocrx_word' id='word_1_60' title='bbox 464 807 630 847; x_wconf 83' lang='lat' dir='ltr'>sinistris</span> <span class='ocrx_word' id='word_1_61' title='bbox 658 808 839 847; x_wconf 85' lang='lat' dir='ltr'>excitatus</span> <span class='ocrx_word' id='word_1_62' title='bbox 867 809 1046 856; x_wconf 88' lang='lat' dir='ltr'>nuntiis‚·</span> 
     </span>
    </p>

    <p class='ocr_par' dir='ltr' id='par_1_11' title="bbox 278 860 1421 957">
     <span class='ocr_line' id='line_1_14' title="bbox 279 860 1421 911; baseline 0.004 -13"><span class='ocrx_word' id='word_1_63' title='bbox 279 860 398 899; x_wconf 89' lang='lat' dir='ltr'>Audit</span> <span class='ocrx_word' id='word_1_64' title='bbox 423 861 671 910; x_wconf 86' lang='lat' dir='ltr'>propinquum</span> <span class='ocrx_word' id='word_1_65' title='bbox 699 863 796 901; x_wconf 86' lang='lat' dir='ltr'>sorte</span> <span class='ocrx_word' id='word_1_66' title='bbox 824 863 974 911; x_wconf 87' lang='lat' dir='ltr'>captum</span> <span class='ocrx_word' id='word_1_67' title='bbox 1001 862 1135 902; x_wconf 87' lang='lat' dir='ltr'>bellica</span> <span class='ocrx_word' id='word_1_68' title='bbox 1370 865 1421 903; x_wconf 88' lang='grc'>20</span> 
     </span>
     <span class='ocr_line' id='line_1_15' title="bbox 278 914 1033 957; baseline 0.005 -6"><span class='ocrx_word' id='word_1_69' title='bbox 278 914 419 952; x_wconf 85' lang='lat' dir='ltr'>Servire</span> <span class='ocrx_word' id='word_1_70' title='bbox 449 915 551 952; x_wconf 88' lang='lat' dir='ltr'>duris</span> <span class='ocrx_word' id='word_1_71' title='bbox 578 915 819 954; x_wconf 87' lang='lat' dir='ltr'>barbarorum</span> <span class='ocrx_word' id='word_1_72' title='bbox 847 916 1033 957; x_wconf 87' lang='lat' dir='ltr'>vinculis:</span> 
     </span>
    </p>

    <p class='ocr_par' dir='ltr' id='par_1_12' title="bbox 278 969 1129 1018">
     <span class='ocr_line' id='line_1_16' title="bbox 278 969 1129 1018; baseline 0.005 -13"><span class='ocrx_word' id='word_1_73' title='bbox 278 969 413 1006; x_wconf 90' lang='lat' dir='ltr'>Armat</span> <span class='ocrx_word' id='word_1_74' title='bbox 438 969 621 1007; x_wconf 87' lang='lat' dir='ltr'>trecentos</span> <span class='ocrx_word' id='word_1_75' title='bbox 647 970 774 1018; x_wconf 87' lang='lat' dir='ltr'>terque</span> <span class='ocrx_word' id='word_1_76' title='bbox 803 981 912 1009; x_wconf 90' lang='lat' dir='ltr'>senos</span> <span class='ocrx_word' id='word_1_77' title='bbox 939 970 1129 1018; x_wconf 81' lang='lat' dir='ltr'>vernulas,</span> 
     </span>
    </p>

    <p class='ocr_par' dir='ltr' id='par_1_13' title="bbox 280 1022 1138 1071">
     <span class='ocr_line' id='line_1_17' title="bbox 280 1022 1138 1071; baseline 0.005 -13"><span class='ocrx_word' id='word_1_78' title='bbox 280 1022 446 1069; x_wconf 85' lang='lat' dir='ltr'>Pergant</span> <span class='ocrx_word' id='word_1_79' title='bbox 474 1022 515 1059; x_wconf 89' lang='lat' dir='ltr'>ut</span> <span class='ocrx_word' id='word_1_80' title='bbox 542 1022 660 1060; x_wconf 90' lang='lat' dir='ltr'>hostis</span> <span class='ocrx_word' id='word_1_81' title='bbox 687 1024 795 1071; x_wconf 86' lang='lat' dir='ltr'>terga</span> <span class='ocrx_word' id='word_1_82' title='bbox 823 1023 947 1061; x_wconf 87' lang='lat' dir='ltr'>euntis</span> <span class='ocrx_word' id='word_1_83' title='bbox 975 1024 1138 1071; x_wconf 85' lang='lat' dir='ltr'>caedere,</span> 
     </span>
    </p>

    <p class='ocr_par' dir='ltr' id='par_1_14' title="bbox 278 1075 1148 1125">
     <span class='ocr_line' id='line_1_18' title="bbox 278 1075 1148 1125; baseline 0.006 -14"><span class='ocrx_word' id='word_1_84' title='bbox 278 1075 393 1121; x_wconf 80' lang='lat' dir='ltr'>Quem</span> <span class='ocrx_word' id='word_1_85' title='bbox 419 1087 512 1123; x_wconf 89' lang='lat' dir='ltr'>gaza</span> <span class='ocrx_word' id='word_1_86' title='bbox 538 1075 654 1121; x_wconf 85' lang='lat' dir='ltr'>dives,</span> <span class='ocrx_word' id='word_1_87' title='bbox 686 1088 729 1114; x_wconf 87' lang='lat' dir='ltr'>ac</span> <span class='ocrx_word' id='word_1_88' title='bbox 756 1076 968 1125; x_wconf 87' lang='lat' dir='ltr'>triumphus</span> <span class='ocrx_word' id='word_1_89' title='bbox 997 1077 1148 1124; x_wconf 90' lang='lat' dir='ltr'>nobilis,</span> 
     </span>
    </p>

    <p class='ocr_par' dir='ltr' id='par_1_15' title="bbox 278 1127 1420 1231">
     <span class='ocr_line' id='line_1_19' title="bbox 280 1127 1420 1179; baseline 0.004 -14"><span class='ocrx_word' id='word_1_90' title='bbox 280 1127 408 1175; x_wconf 85' lang='lat' dir='ltr'>Captis</span> <span class='ocrx_word' id='word_1_91' title='bbox 436 1128 586 1166; x_wconf 88' lang='lat' dir='ltr'>tenebat</span> <span class='ocrx_word' id='word_1_92' title='bbox 615 1128 675 1178; x_wconf 83' lang='lat'>(5)</span> <span class='ocrx_word' id='word_1_93' title='bbox 704 1130 922 1177; x_wconf 85' lang='lat' dir='ltr'>impeditum</span> <span class='ocrx_word' id='word_1_94' title='bbox 949 1131 1079 1179; x_wconf 85' lang='lat' dir='ltr'>copiis.</span> <span class='ocrx_word' id='word_1_95' title='bbox 1369 1131 1420 1169; x_wconf 83' lang='lat'>25</span> 
     </span>
     <span class='ocr_line' id='line_1_20' title="bbox 278 1181 1206 1231; baseline 0.004 -13"><span class='ocrx_word' id='word_1_96' title='bbox 278 1181 375 1227; x_wconf 83' lang='lat' dir='ltr'>Quin</span> <span class='ocrx_word' id='word_1_97' title='bbox 404 1181 481 1229; x_wconf 87' lang='lat' dir='ltr'>ipse</span> <span class='ocrx_word' id='word_1_98' title='bbox 509 1182 646 1220; x_wconf 86' lang='lat' dir='ltr'>ferrum</span> <span class='ocrx_word' id='word_1_99' title='bbox 674 1183 842 1231; x_wconf 88' lang='lat' dir='ltr'>stringit,</span> <span class='ocrx_word' id='word_1_100' title='bbox 874 1186 921 1230; x_wconf 81' lang='lat' dir='ltr'>et,</span> <span class='ocrx_word' id='word_1_101' title='bbox 950 1184 1085 1231; x_wconf 88' lang='lat' dir='ltr'>plenus</span> <span class='ocrx_word' id='word_1_102' title='bbox 1112 1185 1206 1231; x_wconf 88' lang='lat' dir='ltr'>Deo,</span> 
     </span>
    </p>

    <p class='ocr_par' dir='ltr' id='par_1_16' title="bbox 278 1235 1151 1286">
     <span class='ocr_line' id='line_1_21' title="bbox 278 1235 1151 1286; baseline 0.005 -14"><span class='ocrx_word' id='word_1_103' title='bbox 278 1235 399 1283; x_wconf 87' lang='lat' dir='ltr'>Reges</span> <span class='ocrx_word' id='word_1_104' title='bbox 427 1236 616 1283; x_wconf 84' lang='lat' dir='ltr'>superbos,</span> <span class='ocrx_word' id='word_1_105' title='bbox 646 1236 739 1274; x_wconf 89' lang='lat' dir='ltr'>mole</span> <span class='ocrx_word' id='word_1_106' title='bbox 766 1237 988 1284; x_wconf 83' lang='lat' dir='ltr'>praedarum</span> <span class='ocrx_word' id='word_1_107' title='bbox 1016 1249 1151 1286; x_wconf 85' lang='lat' dir='ltr'>graves</span> 
     </span>
    </p>
   </div>
   <div class='ocr_carea' id='block_1_4' title="bbox 270 1357 1422 2151">
    <p class='ocr_par' dir='ltr' id='par_1_17' title="bbox 270 1357 1422 1898">
     <span class='ocr_line' id='line_1_22' title="bbox 279 1357 1422 1399; baseline 0.003 -12"><span class='ocrx_word' id='word_1_108' title='bbox 279 1359 397 1394; x_wconf 71' lang='lat' dir='ltr'>autem,</span> <span class='ocrx_word' id='word_1_109' title='bbox 420 1357 507 1388; x_wconf 78' lang='lat' dir='ltr'>beato</span> <span class='ocrx_word' id='word_1_110' title='bbox 535 1360 668 1396; x_wconf 80' lang='lat' dir='ltr'>semine,</span> <span class='ocrx_word' id='word_1_111' title='bbox 691 1360 779 1390; x_wconf 70' lang='lat' dir='ltr'>Isssvs</span> <span class='ocrx_word' id='word_1_112' title='bbox 801 1360 956 1391; x_wconf 71' lang='lat' dir='ltr'>Cums&#39;rvs</span> <span class='ocrx_word' id='word_1_113' title='bbox 977 1359 1050 1392; x_wconf 86' lang='lat' dir='ltr'>fuit.</span> <span class='ocrx_word' id='word_1_114' title='bbox 1074 1360 1190 1391; x_wconf 78' lang='lat' dir='ltr'>Abram</span> <span class='ocrx_word' id='word_1_115' title='bbox 1204 1361 1303 1391; x_wconf 87' lang='lat' dir='ltr'>latine</span> <span class='ocrx_word' id='word_1_116' title='bbox 1325 1361 1422 1399; x_wconf 62' lang='lat' dir='ltr'>signi*</span> 
     </span>
     <span class='ocr_line' id='line_1_23' title="bbox 279 1400 1422 1440; baseline 0.003 -11"><span class='ocrx_word' id='word_1_117' title='bbox 279 1400 353 1429; x_wconf 62' lang='lat' dir='ltr'>fleat</span> <span class='ocrx_word' id='word_1_118' title='bbox 368 1403 499 1438; x_wconf 81' lang='lat' dir='ltr'>patrem</span> <span class='ocrx_word' id='word_1_119' title='bbox 520 1402 696 1439; x_wconf 60' lang='lat' dir='ltr'>excelsum</span> <span class='ocrx_word' id='word_1_120' title='bbox 718 1402 782 1432; x_wconf 83' lang='lat' dir='ltr'>eius</span> <span class='ocrx_word' id='word_1_121' title='bbox 815 1403 921 1433; x_wconf 82' lang='lat' dir='ltr'>autem</span> <span class='ocrx_word' id='word_1_122' title='bbox 941 1411 1052 1432; x_wconf 85' lang='lat' dir='ltr'>nomen</span> <span class='ocrx_word' id='word_1_123' title='bbox 1073 1403 1317 1440; x_wconf 83' lang='lat' dir='ltr'>adspirationem</span> <span class='ocrx_word' id='word_1_124' title='bbox 1338 1403 1422 1434; x_wconf 83' lang='lat' dir='ltr'>inter</span> 
     </span>
     <span class='ocr_line' id='line_1_24' title="bbox 278 1442 1420 1482; baseline 0.004 -12"><span class='ocrx_word' id='word_1_125' title='bbox 278 1442 336 1470; x_wconf 79' lang='lat' dir='ltr'>duo</span> <span class='ocrx_word' id='word_1_126' title='bbox 352 1442 444 1479; x_wconf 82' lang='lat' dir='ltr'>alpha</span> <span class='ocrx_word' id='word_1_127' title='bbox 459 1443 594 1481; x_wconf 78' lang='lat' dir='ltr'>recepit3</span> <span class='ocrx_word' id='word_1_128' title='bbox 611 1443 864 1481; x_wconf 77' lang='lat' dir='ltr'>Abrahamusque</span> <span class='ocrx_word' id='word_1_129' title='bbox 878 1447 927 1475; x_wconf 84' lang='lat' dir='ltr'>est</span> <span class='ocrx_word' id='word_1_130' title='bbox 947 1445 1064 1481; x_wconf 85' lang='lat' dir='ltr'>dictus,</span> <span class='ocrx_word' id='word_1_131' title='bbox 1079 1446 1116 1475; x_wconf 88' lang='lat' dir='ltr'>ut</span> <span class='ocrx_word' id='word_1_132' title='bbox 1134 1444 1338 1482; x_wconf 84' lang='lat' dir='ltr'>significaret,</span> <span class='ocrx_word' id='word_1_133' title='bbox 1350 1453 1420 1475; x_wconf 85' lang='lat' dir='ltr'>eum</span> 
     </span>
     <span class='ocr_line' id='line_1_25' title="bbox 279 1483 1422 1524; baseline 0.003 -11"><span class='ocrx_word' id='word_1_134' title='bbox 279 1483 342 1513; x_wconf 83' lang='lat' dir='ltr'>fore</span> <span class='ocrx_word' id='word_1_135' title='bbox 365 1483 533 1514; x_wconf 82' lang='lat' dir='ltr'>multarum</span> <span class='ocrx_word' id='word_1_136' title='bbox 554 1485 695 1521; x_wconf 82' lang='lat' dir='ltr'>gentium</span> <span class='ocrx_word' id='word_1_137' title='bbox 716 1488 888 1523; x_wconf 76' lang='lat' dir='ltr'>parentem.</span> <span class='ocrx_word' id='word_1_138' title='bbox 911 1486 1002 1516; x_wconf 86' lang='lat' dir='ltr'>Vocis</span> <span class='ocrx_word' id='word_1_139' title='bbox 1029 1486 1204 1524; x_wconf 77' lang='lat' dir='ltr'>penuitima</span> <span class='ocrx_word' id='word_1_140' title='bbox 1233 1486 1316 1524; x_wconf 84' lang='lat' dir='ltr'>apud</span> <span class='ocrx_word' id='word_1_141' title='bbox 1344 1487 1422 1516; x_wconf 85' lang='lat' dir='ltr'>scri-</span> 
     </span>
     <span class='ocr_line' id='line_1_26' title="bbox 278 1525 1422 1565; baseline 0.003 -11"><span class='ocrx_word' id='word_1_142' title='bbox 278 1527 382 1562; x_wconf 83' lang='lat' dir='ltr'>ptores</span> <span class='ocrx_word' id='word_1_143' title='bbox 402 1525 590 1556; x_wconf 84' lang='lat' dir='ltr'>christianos</span> <span class='ocrx_word' id='word_1_144' title='bbox 612 1535 725 1564; x_wconf 84' lang='lat' dir='ltr'>auceps</span> <span class='ocrx_word' id='word_1_145' title='bbox 757 1527 900 1564; x_wconf 81' lang='lat' dir='ltr'>habetur,</span> <span class='ocrx_word' id='word_1_146' title='bbox 925 1536 1122 1565; x_wconf 80' lang='lat' dir='ltr'>quamquam,</span> <span class='ocrx_word' id='word_1_147' title='bbox 1144 1528 1172 1557; x_wconf 83' lang='lat' dir='ltr'>si</span> <span class='ocrx_word' id='word_1_148' title='bbox 1193 1528 1345 1564; x_wconf 81' lang='lat' dir='ltr'>originem</span> <span class='ocrx_word' id='word_1_149' title='bbox 1366 1527 1422 1558; x_wconf 89' lang='lat' dir='ltr'>he-</span> 
     </span>
     <span class='ocr_line' id='line_1_27' title="bbox 279 1567 1418 1608; baseline 0.003 -13"><span class='ocrx_word' id='word_1_150' title='bbox 279 1567 416 1596; x_wconf 84' lang='lat' dir='ltr'>braicam</span> <span class='ocrx_word' id='word_1_151' title='bbox 437 1568 568 1605; x_wconf 83' lang='lat' dir='ltr'>spectes,</span> <span class='ocrx_word' id='word_1_152' title='bbox 591 1569 673 1598; x_wconf 80' lang='lat' dir='ltr'>esset</span> <span class='ocrx_word' id='word_1_153' title='bbox 695 1569 778 1599; x_wconf 79' lang='lat' dir='ltr'>corte</span> <span class='ocrx_word' id='word_1_154' title='bbox 799 1569 1006 1607; x_wconf 85' lang='lat' dir='ltr'>producenda.</span> <span class='ocrx_word' id='word_1_155' title='bbox 1031 1570 1068 1599; x_wconf 90' lang='lat' dir='ltr'>V.</span> <span class='ocrx_word' id='word_1_156' title='bbox 1086 1569 1286 1603; x_wconf 57' lang='lat' dir='ltr'>Mizocmvu,</span> <span class='ocrx_word' id='word_1_157' title='bbox 1303 1569 1418 1608; x_wconf 73' lang='lat' dir='ltr'>Spica.</span> 
     </span>
     <span class='ocr_line' id='line_1_28' title="bbox 278 1607 1419 1650; baseline 0.004 -12"><span class='ocrx_word' id='word_1_158' title='bbox 278 1607 367 1639; x_wconf 84' lang='lat' dir='ltr'>Bibl.</span> <span class='ocrx_word' id='word_1_159' title='bbox 398 1608 484 1640; x_wconf 89' lang='lat' dir='ltr'>Tom.</span> <span class='ocrx_word' id='word_1_160' title='bbox 506 1610 532 1645; x_wconf 85' lang='lat'>1,</span> <span class='ocrx_word' id='word_1_161' title='bbox 558 1618 630 1648; x_wconf 79' lang='lat' dir='ltr'>pag.</span> <span class='ocrx_word' id='word_1_162' title='bbox 666 1609 717 1642; x_wconf 81' lang='lat'>83.</span> <span class='ocrx_word' id='word_1_163' title='bbox 740 1627 779 1633; x_wconf 89' lang='lat'>—</span> <span class='ocrx_word' id='word_1_164' title='bbox 797 1612 913 1650; x_wconf 75' lang='lat' dir='ltr'>prima</span> <span class='ocrx_word' id='word_1_165' title='bbox 941 1611 1092 1641; x_wconf 69' lang='lat' dir='ltr'>credenda·</span> <span class='ocrx_word' id='word_1_166' title='bbox 1112 1611 1179 1644; x_wconf 77' lang='lat' dir='ltr'>via.</span> <span class='ocrx_word' id='word_1_167' title='bbox 1208 1627 1250 1633; x_wconf 92' lang='lat'><em>-</em></span> <span class='ocrx_word' id='word_1_168' title='bbox 1277 1611 1419 1643; x_wconf 70' lang='lat' dir='ltr'>Gisieuu.</span> 
     </span>
     <span class='ocr_line' id='line_1_29' title="bbox 276 1649 705 1687; baseline 0.009 -9"><span class='ocrx_word' id='word_1_169' title='bbox 276 1649 391 1687; x_wconf 76' lang='lat' dir='ltr'>prima</span> <span class='ocrx_word' id='word_1_170' title='bbox 405 1651 557 1681; x_wconf 75' lang='lat' dir='ltr'>credendi</span> <span class='ocrx_word' id='word_1_171' title='bbox 571 1653 626 1681; x_wconf 83' lang='lat' dir='ltr'>via</span> <span class='ocrx_word' id='word_1_172' title='bbox 647 1655 705 1682; x_wconf 77' lang='lat' dir='ltr'>est.</span> 
     </span>
     <span class='ocr_line' id='line_1_30' title="bbox 270 1689 1420 1734; baseline 0.003 -13"><span class='ocrx_word' id='word_1_173' title='bbox 270 1689 271 1692; x_wconf 73' lang='grc'>’</span> <span class='ocrx_word' id='word_1_174' title='bbox 342 1691 387 1731; x_wconf 90' lang='lat' dir='ltr'>(l)</span> <span class='ocrx_word' id='word_1_175' title='bbox 408 1701 560 1734; x_wconf 74' lang='lat' dir='ltr'>puynare</span> <span class='ocrx_word' id='word_1_176' title='bbox 582 1697 716 1724; x_wconf 80' lang='lat' dir='ltr'>nosmet.</span> <span class='ocrx_word' id='word_1_177' title='bbox 739 1693 932 1724; x_wconf 82' lang='lat' dir='ltr'>Abrahamus</span> <span class='ocrx_word' id='word_1_178' title='bbox 953 1694 1051 1724; x_wconf 85' lang='lat' dir='ltr'>filium</span> <span class='ocrx_word' id='word_1_179' title='bbox 1085 1702 1123 1724; x_wconf 86' lang='lat' dir='ltr'>ex</span> <span class='ocrx_word' id='word_1_180' title='bbox 1155 1693 1233 1724; x_wconf 81' lang='lat' dir='ltr'>Sara</span> <span class='ocrx_word' id='word_1_181' title='bbox 1255 1701 1348 1724; x_wconf 80' lang='lat' dir='ltr'>uxore</span> <span class='ocrx_word' id='word_1_182' title='bbox 1369 1702 1420 1724; x_wconf 89' lang='lat' dir='ltr'>su-</span> 
     </span>
     <span class='ocr_line' id='line_1_31' title="bbox 278 1733 1420 1773; baseline 0.003 -11"><span class='ocrx_word' id='word_1_183' title='bbox 278 1733 390 1771; x_wconf 80' lang='lat' dir='ltr'>scepit,</span> <span class='ocrx_word' id='word_1_184' title='bbox 413 1735 575 1771; x_wconf 85' lang='lat' dir='ltr'>postquam</span> <span class='ocrx_word' id='word_1_185' title='bbox 607 1735 640 1764; x_wconf 89' lang='lat' dir='ltr'>iu</span> <span class='ocrx_word' id='word_1_186' title='bbox 672 1736 805 1772; x_wconf 77' lang='lat' dir='ltr'>quatuor</span> <span class='ocrx_word' id='word_1_187' title='bbox 836 1745 922 1773; x_wconf 83' lang='lat' dir='ltr'>reges</span> <span class='ocrx_word' id='word_1_188' title='bbox 955 1744 1145 1772; x_wconf 84' lang='lat' dir='ltr'>congressus,</span> <span class='ocrx_word' id='word_1_189' title='bbox 1168 1736 1269 1766; x_wconf 85' lang='lat' dir='ltr'>victor</span> <span class='ocrx_word' id='word_1_190' title='bbox 1296 1735 1420 1765; x_wconf 86' lang='lat' dir='ltr'>domum</span> 
     </span>
     <span class='ocr_line' id='line_1_32' title="bbox 277 1774 1419 1814; baseline 0.004 -11"><span class='ocrx_word' id='word_1_191' title='bbox 277 1774 474 1806; x_wconf 84' lang='lat' dir='ltr'>discesserat.</span> <span class='ocrx_word' id='word_1_192' title='bbox 497 1776 545 1805; x_wconf 81' lang='lat' dir='ltr'>Ad</span> <span class='ocrx_word' id='word_1_193' title='bbox 565 1784 688 1806; x_wconf 85' lang='lat' dir='ltr'>sensum</span> <span class='ocrx_word' id='word_1_194' title='bbox 710 1778 912 1814; x_wconf 84' lang='lat' dir='ltr'>anagogicum</span> <span class='ocrx_word' id='word_1_195' title='bbox 935 1777 992 1807; x_wconf 83' lang='lat' dir='ltr'>hoc</span> <span class='ocrx_word' id='word_1_196' title='bbox 1013 1777 1156 1807; x_wconf 78' lang='lat' dir='ltr'>Abrahae</span> <span class='ocrx_word' id='word_1_197' title='bbox 1177 1777 1295 1807; x_wconf 78' lang='lat' dir='ltr'>factum</span> <span class='ocrx_word' id='word_1_198' title='bbox 1318 1778 1419 1807; x_wconf 77' lang='lat' dir='ltr'>trans-</span> 
     </span>
     <span class='ocr_line' id='line_1_33' title="bbox 278 1815 1421 1856; baseline 0.003 -11"><span class='ocrx_word' id='word_1_199' title='bbox 278 1815 377 1846; x_wconf 84' lang='lat' dir='ltr'>ferens</span> <span class='ocrx_word' id='word_1_200' title='bbox 392 1818 496 1854; x_wconf 73' lang='lat' dir='ltr'>poeta,</span> <span class='ocrx_word' id='word_1_201' title='bbox 511 1818 601 1847; x_wconf 86' lang='lat' dir='ltr'>docet</span> <span class='ocrx_word' id='word_1_202' title='bbox 623 1818 858 1856; x_wconf 76' lang='lat' dir='ltr'>depugnandum</span> <span class='ocrx_word' id='word_1_203' title='bbox 881 1827 946 1849; x_wconf 83' lang='lat' dir='ltr'>esse</span> <span class='ocrx_word' id='word_1_204' title='bbox 967 1819 1087 1848; x_wconf 89' lang='lat' dir='ltr'>homini</span> <span class='ocrx_word' id='word_1_205' title='bbox 1102 1827 1170 1848; x_wconf 81' lang='lat' dir='ltr'>cum</span> <span class='ocrx_word' id='word_1_206' title='bbox 1197 1819 1300 1855; x_wconf 76' lang='lat' dir='ltr'>vitiis,</span> <span class='ocrx_word' id='word_1_207' title='bbox 1322 1819 1349 1849; x_wconf 84' lang='lat' dir='ltr'>si</span> <span class='ocrx_word' id='word_1_208' title='bbox 1373 1818 1421 1848; x_wconf 91' lang='lat' dir='ltr'>vi-</span> 
     </span>
     <span class='ocr_line' id='line_1_34' title="bbox 278 1858 1027 1898; baseline 0.005 -11"><span class='ocrx_word' id='word_1_209' title='bbox 278 1858 410 1888; x_wconf 81' lang='lat' dir='ltr'>ctoriam</span> <span class='ocrx_word' id='word_1_210' title='bbox 433 1858 470 1888; x_wconf 86' lang='lat' dir='ltr'>de</span> <span class='ocrx_word' id='word_1_211' title='bbox 491 1858 601 1889; x_wconf 85' lang='lat' dir='ltr'>iisdem</span> <span class='ocrx_word' id='word_1_212' title='bbox 622 1859 738 1890; x_wconf 77' lang='lat' dir='ltr'>laetam</span> <span class='ocrx_word' id='word_1_213' title='bbox 760 1861 903 1898; x_wconf 84' lang='lat' dir='ltr'>consequi</span> <span class='ocrx_word' id='word_1_214' title='bbox 925 1862 1027 1892; x_wconf 74' lang='lat' dir='ltr'>aveat.</span> 
     </span>
    </p>

    <p class='ocr_par' dir='ltr' id='par_1_18' title="bbox 278 1899 1419 1979">
     <span class='ocr_line' id='line_1_35' title="bbox 341 1899 1419 1941; baseline 0.002 -11"><span class='ocrx_word' id='word_1_215' title='bbox 341 1899 385 1938; x_wconf 81' lang='grc'>(2)</span> <span class='ocrx_word' id='word_1_216' title='bbox 407 1900 475 1930; x_wconf 79' lang='lat' dir='ltr'>Deo</span> <span class='ocrx_word' id='word_1_217' title='bbox 483 1901 678 1939; x_wconf 75' lang='lat' dir='ltr'>placentem.</span> <span class='ocrx_word' id='word_1_218' title='bbox 692 1918 734 1925; x_wconf 96' lang='lat'>—</span> <span class='ocrx_word' id='word_1_219' title='bbox 744 1902 811 1932; x_wconf 83' lang='lat' dir='ltr'>Deo</span> <span class='ocrx_word' id='word_1_220' title='bbox 822 1905 960 1941; x_wconf 76' lang='lat' dir='ltr'>parente</span> <span class='ocrx_word' id='word_1_221' title='bbox 974 1903 1008 1932; x_wconf 91' lang='lat' dir='ltr'>in</span> <span class='ocrx_word' id='word_1_222' title='bbox 1023 1911 1077 1932; x_wconf 85' lang='lat' dir='ltr'>ora</span> <span class='ocrx_word' id='word_1_223' title='bbox 1088 1901 1237 1932; x_wconf 85' lang='lat' dir='ltr'>editionis</span> <span class='ocrx_word' id='word_1_224' title='bbox 1253 1901 1419 1932; x_wconf 82' lang='lat' dir='ltr'>Giselinia·</span> 
     </span>
     <span class='ocr_line' id='line_1_36' title="bbox 278 1941 655 1979; baseline 0.011 -10"><span class='ocrx_word' id='word_1_225' title='bbox 278 1949 347 1976; x_wconf 78' lang='lat' dir='ltr'>nae,</span> <span class='ocrx_word' id='word_1_226' title='bbox 372 1941 540 1979; x_wconf 85' lang='lat' dir='ltr'>multisque</span> <span class='ocrx_word' id='word_1_227' title='bbox 562 1943 655 1974; x_wconf 86' lang='lat' dir='ltr'>editt.</span> 
     </span>
    </p>

    <p class='ocr_par' dir='ltr' id='par_1_19' title="bbox 278 1981 1419 2058">
     <span class='ocr_line' id='line_1_37' title="bbox 341 1981 1419 2024; baseline 0.004 -12"><span class='ocrx_word' id='word_1_228' title='bbox 341 1981 387 2020; x_wconf 86' lang='lat'>(3)</span> <span class='ocrx_word' id='word_1_229' title='bbox 407 1983 514 2014; x_wconf 70' lang='lat' dir='ltr'>cen-dis</span> <span class='ocrx_word' id='word_1_230' title='bbox 527 1984 865 2024; x_wconf 59' lang='lat' dir='ltr'>servientisffllerique.</span> <span class='ocrx_word' id='word_1_231' title='bbox 877 2001 920 2008; x_wconf 90' lang='lat'>-—</span> <span class='ocrx_word' id='word_1_232' title='bbox 930 1985 1106 2023; x_wconf 67' lang='lat' dir='ltr'>Gmmmvs,</span> <span class='ocrx_word' id='word_1_233' title='bbox 1118 1985 1310 2023; x_wconf 82' lang='lat' dir='ltr'>aliorumque</span> <span class='ocrx_word' id='word_1_234' title='bbox 1324 1984 1419 2016; x_wconf 67' lang='lat' dir='ltr'>odiit.</span> 
     </span>
     <span class='ocr_line' id='line_1_38' title="bbox 278 2023 592 2058; baseline 0.016 -6"><span class='ocrx_word' id='word_1_235' title='bbox 278 2023 386 2053; x_wconf 78' lang='lat' dir='ltr'>cordis</span> <span class='ocrx_word' id='word_1_236' title='bbox 407 2026 592 2058; x_wconf 78' lang='lat' dir='ltr'>saevientis.</span> 
     </span>
    </p>

    <p class='ocr_par' dir='ltr' id='par_1_20' title="bbox 344 2064 1155 2107">
     <span class='ocr_line' id='line_1_39' title="bbox 344 2064 1155 2107; baseline 0.007 -13"><span class='ocrx_word' id='word_1_237' title='bbox 344 2064 388 2102; x_wconf 80' lang='lat'>(4)</span> <span class='ocrx_word' id='word_1_238' title='bbox 408 2068 575 2104; x_wconf 76' lang='lat' dir='ltr'>patruelis</span> <span class='ocrx_word' id='word_1_239' title='bbox 591 2068 733 2107; x_wconf 58' lang='lat' dir='ltr'>alonae,</span> <span class='ocrx_word' id='word_1_240' title='bbox 755 2067 940 2106; x_wconf 69' lang='lat' dir='ltr'>Abraham,</span> <span class='ocrx_word' id='word_1_241' title='bbox 963 2069 1070 2107; x_wconf 77' lang='lat' dir='ltr'>patrui</span> <span class='ocrx_word' id='word_1_242' title='bbox 1093 2069 1155 2100; x_wconf 87' lang='lat' dir='ltr'>sui.</span> 
     </span>
    </p>

    <p class='ocr_par' dir='ltr' id='par_1_21' title="bbox 344 2107 1213 2151">
     <span class='ocr_line' id='line_1_40' title="bbox 344 2107 1213 2151; baseline 0.003 -14"><span class='ocrx_word' id='word_1_243' title='bbox 344 2107 391 2145; x_wconf 83' lang='lat'>(5)</span> <span class='ocrx_word' id='word_1_244' title='bbox 413 2109 519 2147; x_wconf 78' lang='lat' dir='ltr'>captis</span> <span class='ocrx_word' id='word_1_245' title='bbox 541 2110 699 2142; x_wconf 76' lang='lat' dir='ltr'>tenebant.</span> <span class='ocrx_word' id='word_1_246' title='bbox 721 2127 764 2134; x_wconf 94' lang='lat'>—</span> <span class='ocrx_word' id='word_1_247' title='bbox 783 2111 923 2143; x_wconf 70' lang='lat' dir='ltr'>Glssmn.</span> <span class='ocrx_word' id='word_1_248' title='bbox 948 2112 1054 2151; x_wconf 78' lang='lat' dir='ltr'>captis</span> <span class='ocrx_word' id='word_1_249' title='bbox 1075 2110 1213 2144; x_wconf 76' lang='lat' dir='ltr'>tenebat.</span> 
     </span>
    </p>
   </div>
  </div>
 </body>
</html>
