1566 2482
291 185 369 230 190
645 199 798 229 Avasm
824 199 1026 230 Pavnzm'n
1136 210 1145 230 ³

342 307 521 347 Accirent
547 319 713 356 proceres
741 309 900 359 Erycino
928 322 947 349 e
974 310 1110 350 vertice
1139 309 1200 363 (1)
1230 311 1403 360 signumz

343 362 465 410 thue
494 362 604 400 deum
630 364 750 401 mater
778 362 838 413 (2)
859 364 1026 414 Phrygia
1046 365 1240 406 veheretur
1259 365 1307 403 ab
1333 365 1422 412 Ida,

281 451 286 456 .
342 415 528 454 Bacchica
556 415 600 454 de
627 415 738 454 viridi
764 418 977 464 peterentur
1003 419 1047 456 ut
1074 418 1179 467 orgia
1206 419 1314 457 Naxo
1335 418 1421 469 (3):

344 469 461 506 Facta
487 469 545 507 est
570 469 776 518 terrigenae
805 471 934 510 domus
962 471 1074 510 unica
1101 472 1324 518 maiestatis,

344 522 393 563 Et
419 523 476 560 tot
506 522 644 571 templa
673 523 781 561 deum
808 525 960 572 Romae,
996 526 1085 573 quot
1111 525 1151 563 in
1178 525 1268 563 urbe
1304 524 1426 573 sepul-

1169 590 1232 617 cra
1261 578 1319 628 (4)
1349 578 1425 617 190

343 630 508 668 Heroum
536 641 728 668 numerare
755 630 857 678 licet,
887 643 979 680 quos
1006 631 1135 670 fabula
1153 576 1293 670 [Manes

344 683 530 721 Nobilitat
559 682 636 733 (5),
669 685 794 722 noster
821 685 978 733 populus
1006 686 1204 735 veneratus
1231 686 1375 724 adorat.

344 736 425 774 Hos
445 737 604 774 habuere
625 737 711 775 deos
731 738 876 785 Ancus,
899 739 1088 785 Numitor,
1109 740 1249 786 Numa,
1271 738 1422 777 Tullus:

344 789 452 828 Talia
478 791 702 838 Pergameas
730 790 907 839 fugerunt
934 792 1089 830 numina
1104 792 1274 830 flammas
1291 791 1368 841 (6).

343 843 403 882 Sic
422 843 537 882 Vesta
557 843 617 895 (7)
638 845 709 891 est,
733 844 787 884 sic
816 845 1042 893 Palladium,
1066 845 1120 884 sio
1147 846 1280 884 umbra
1306 845 1427 883 Pena-

1215 900 1315 944 tum3
1348 898 1425 937 195

271 966 298 1003 ιμ
343 950 446 989 Talis
473 952 510 989 et
538 951 734 1000 antiquum
762 952 924 991 servavit
950 954 1066 990 terror
1092 897 1238 1002 asylu'in
1267 952 1343 1002 (8).

333 1074 379 1114 (1)
401 1075 546 1114 Erycino
561 1084 576 1104 e
590 1076 719 1107 vertice.
739 1075 826 1114 Eryx
855 1074 993 1122 (Ἔρυξ)
1009 1076 1180 1112 magnuset
1191 1074 1330 1106 excelsus
1341 1083 1428 1106 mons

290 1123 352 1158 est,
374 1123 408 1153 et
429 1123 576 1161 oppidum
597 1124 680 1161 apud
701 1123 819 1154 Siculos
845 1132 939 1162 prope
961 1125 1149 1161 Drepanum,
1170 1124 1307 1160 positum
1323 1122 1355 1153 in
1371 1131 1426 1154 ora

290 1164 497 1195 meridionali.
518 1165 566 1195 Ibi
582 1165 684 1195 nobile
698 1166 844 1204 femplum
860 1167 909 1196 est
923 1165 1152 1196 inaedificatum
1163 1165 1426 1203 Veneri,quaeid-

291 1206 373 1236 circo
396 1206 531 1243 Erycina
553 1208 762 1245 nuncupatur.

354 1247 401 1286 (2)
426 1248 464 1277 de
485 1248 627 1280 viridi...
650 1250 759 1279 Naxo.
782 1249 870 1279 Hane
898 1248 995 1278 maris
1027 1247 1142 1285 Aegaei
1170 1247 1305 1278 insulam
1331 1247 1426 1280 Vnm.

287 1290 443 1323 memorat
463 1291 547 1320 Aen.
564 1290 619 1321 111.
639 1291 711 1323 125.
736 1292 768 1320 et
784 1299 863 1320 nuno
886 1291 1001 1320 Nicsia
1016 1292 1085 1326 est:
1107 1290 1151 1320 ibi
1166 1290 1319 1320 Bacchica
1339 1290 1428 1327 orgia

291 1331 506 1367 agitabantur.
530 1332 567 1363 V.
591 1330 677 1377 Περὶ
701 1330 800 1377 Στεφ.
822 1332 880 1367 XI,
904 1332 956 1363 65.

356 1378 401 1416 (3)
423 1378 528 1408 Deam
551 1384 668 1416 mater,
690 1379 831 1417 Cybeles,
852 1379 889 1409 de
911 1387 972 1416 qua
992 1378 1063 1408 vide
1076 1376 1163 1424 Περὶ
1179 1377 1278 1423 Στεφ.
1294 1377 1337 1415 Χ,
1355 1378 1426 1410 196.

355 1424 400 1463 (4)
422 1428 501 1463 quot
521 1426 558 1455 ὄπ
580 1427 659 1456 urbe
679 1426 843 1465 sepulcra.
868 1426 1014 1464 Sepulera
1035 1434 1075 1456 ex
1095 1426 1157 1456 XlI
1177 1425 1323 1457 Tabular.
1344 1425 1419 1462 Leg.

291 1467 382 1497 extra
404 1467 509 1497 urbem
524 1469 806 1503 constituebantur,
823 1468 856 1498 et
879 1468 1046 1498 seeundum
1072 1468 1257 1498 celebriores
1271 1467 1352 1501 vias,
1376 1467 1425 1497 uti

290 1508 464 1538 videbimus
485 1510 570 1540 infra
580 1518 660 1541 vers,
676 1510 749 1541 404.
765 1510 908 1547 Virgines
923 1512 1027 1540 tamen
1037 1509 1186 1541 Vestales.
1202 1509 1428 1546 nobilioresque

290 1550 349 1579 viri
373 1550 404 1579 in
420 1551 495 1580 urbe
517 1551 760 1584 infodiebantur.
784 1552 821 1583 V.
846 1552 940 1581 Tvm..
963 1552 1013 1582 De
1035 1551 1171 1590 leyibus,
1187 1551 1245 1588 XI,
1267 1550 1304 1585 ὃς
1328 1550 1428 1582 Saav.

291 1591 331 1622 ad
352 1591 438 1628 virg.
459 1592 517 1628 XI,
539 1594 613 1624 206.

269 1650 271 1653 -
355 1633 401 1672 (5)
423 1634 540 1671 fabula
561 1644 675 1666 manes
696 1635 868 1666 Nobilitat.
892 1634 1016 1665 ΗοκΑΤ
1030 1633 1144 1672 Lyric.
1162 1633 1189 1668 Ι,
1205 1633 1245 1670 V,
1262 1632 1318 1664 16·
1343 1633 1428 1670 «fa-

290 1674 446 1713 bulaeque
467 1685 592 1712 manes,
616 1677 659 1706 Et
679 1677 795 1707 domae
809 1676 908 1706 exilis
930 1676 1138 1706 Plutonia.»
1154 1675 1211 1714 Qui
1228 1656 1347 1704 fuerint
1361 1674 1428 1705 Ma-

291 1724 347 1746 nee
367 1716 458 1747 docet
478 1718 603 1749 Glisma
624 1719 786 1750 Smoemvs
809 1719 841 1747 in
857 1718 998 1748 Minerva
1012 1717 1182 1748 Sanctiana
1202 1717 1237 1748 L.
1253 1716 1309 1753 IV,
1318 1715 1357 1770 1.'
1374 1715 1428 1746 ubi

291 1766 322 1790 v.
346 1757 552 1791 Perizonium.

356 1798 404 1838 (6)
427 1801 627 1840 Peryameas
646 1803 813 1839 flammas,
838 1799 1013 1830 incendium
1029 1799 1151 1836 Troiae,
1168 1799 1255 1829 cuius
1277 1807 1334 1830 arx
1354 1798 1428 1830 Per-

290 1849 399 1878 gamus
419 1843 588 1873 eminebat.

354 1882 400 1921 (7)
423 1882 476 1914 Sic
505 1884 599 1915 Vesta
620 1886 706 1916 est...
730 1883 857 1914 Vestam
872 1883 961 1913 deam
978 1883 1008 1912 in
1025 1881 1151 1912 Italiam
1168 1882 1281 1912 intulit
1294 1881 1427 1918 Aeneas,

284 1932 370 1965 ‘quae
390 1924 424 1953 in
445 1933 480 1956 eo
502 1926 616 1964 templo
631 1926 694 1957 ruit
707 1925 843 1961 exculta,
859 1925 912 1954 ubi
926 1923 1062 1954 Palladis
1074 1932 1172 1962 parva
1186 1921 1429 1960 effigies‚[1a).‘-

289 1970 419 2012 λάδιον,
440 1975 671 2006 affirmabatur
695 1973 841 2004 V.V1ao.
864 1972 1001 2003 Aeneid.
1023 1971 1080 2006 XI
1099 1971 1294 2006 29630v1n.
1321 1971 1425 2002 Triet.

290 2019 347 2057 III,
373 2018 402 2058 1,
426 2017 477 2048 29.
498 2033 539 2038 —
560 2015 680 2046 umbra
700 2016 874 2046 Penatum.
898 2013 941 2043 De
962 2013 1145 2048 Penatibus,
1165 2021 1219 2043 seu
1241 2012 1302 2042 diis
1324 2012 1427 2042 dome·

291 2059 382 2089 sticis
393 2041 598 2097 'privatisque
619 2057 768 2093 cuiusque
788 2056 896 2086 domus
917 2057 950 2085 et
971 2054 1111 2085 samniae
1150 2054 1187 2086 V.
1210 2052 1427 2086 Macaoa.111

291 2098 770 2134 Saturn.4;NA1-A1..00m⁸
791 2096 969 2135 Mytholoy.
993 2096 1048 2132 IV,
1069 2097 1101 2127 4.

355 2141 402 2182 (8)
426 2141 567 2180 asylum.
584 2140 712 2178 Proprie
725 2139 830 2178 asylus
845 2139 893 2169 est
907 2138 1070 2177 templum,
1088 2137 1208 2168 aliusve
1223 2135 1326 2174 quivis
1339 2135 1428 2167 locus
