1566 2482
509 475 768 514 ADVERSVS
796 475 1256 513 PHANTASMATICOS

381 576 443 610 ow
471 575 664 604 CHRISTVM
691 575 840 603 NEGANT
877 575 1007 603 vnnvu
1034 574 1171 603 oonrvs
1199 574 1380 605 HABVISSE
1395 565 1452 615 (*)

320 659 371 690 Vel
393 667 412 690 a
438 659 550 698 primis
577 658 749 690 Christiani
777 658 913 689 nominis
940 658 1136 689 incunabulis
1162 658 1264 690 Iesum
1291 659 1453 692 Christum

355 701 492 732 hominis
512 709 619 731 verum
635 700 751 739 Corpus
766 700 906 731 induisse
919 701 1028 738 negari
1043 700 1187 739 coeptum
1202 701 1263 739 est,
1277 701 1325 732 uti
1341 703 1451 740 aperte

355 751 394 774 ex
415 743 506 775 lom.
531 743 561 778 1,
584 742 604 772 4
626 742 795 780 colligitur.
819 742 985 772 Perversae
1008 742 1083 772 talis
1097 742 1253 780 opinionis
1267 743 1305 773 de
1320 742 1449 775 Redem-

354 786 443 823 ptore
468 784 575 815 nostro
602 785 761 814 auctorem
787 784 820 815 S.
843 783 1043 814 Avevsnnvs
1075 784 1155 814 facit
1184 784 1271 814 iilum
1295 784 1452 818 Simonem

319 846 328 854 .
355 827 480 863 Magum
493 848 502 861 ,
530 834 619 863 quem
641 826 749 864 postea
774 826 892 856 imitati
917 825 991 856 sunt
1014 825 1202 857 Saturninus
1217 848 1226 862 ,
1252 826 1391 857 Marcion
1417 829 1452 859 et

355 868 463 898 Manes
484 867 535 906 (V.
557 867 645 899 Libr.
668 867 712 898 De
734 866 876 906 Haeres.)
898 867 935 897 In
957 866 1085 897 eundem
1108 875 1244 898 errorem
1265 867 1346 906 iapsi
1375 870 1452 900 sunt

353 909 624 944 Priscillianistae,
650 909 698 939 uti
720 910 830 939 narrat
852 908 884 941 S.
908 909 983 939 Lno.
1006 909 1064 946 Ep.
1088 908 1157 947 XV,
1180 909 1221 942 N.
1243 909 1275 950 4,
1298 912 1332 940 et
1352 909 1451 942 Mani-

355 951 443 982 chaei
459 951 548 990 (Vide
559 950 593 983 S.
605 951 740 987 August.
756 950 893 982 Confess.
910 951 946 982 L.
960 951 997 982 V.
1012 949 1059 990 9).
1076 951 1113 982 In
1127 951 1184 981 hae
1198 951 1356 990 postrema.
1369 952 1448 992 Apo-

353 993 496 1024 iheoseos
516 993 605 1031 parte
626 992 817 1023 Prudentius
839 992 1112 1023 Phantasmaticos
1132 1001 1239 1023 omnes
1259 994 1396 1025 maximo
1416 995 1451 1026 in

356 1043 460 1066 errore
481 1034 597 1064 versari
612 1034 766 1070 ostendit;
785 1035 878 1071 atque
893 1034 1057 1064 absurdum
1074 1043 1140 1064 esse
1155 1034 1348 1065 demonstrat
1361 1036 1448 1067 chri-

359 1078 452 1114 ztum,
475 1076 528 1114 qui
555 1077 671 1107 veritas
692 1076 760 1114 ipsa
781 1076 830 1106 est
850 1076 884 1106 et
911 1076 1048 1112 bonitas,
1071 1076 1226 1106 mendacii
1249 1077 1283 1106 et
1304 1077 1450 1115 perfidiae

357 1118 546 1154 insimulare,
570 1117 717 1155 illumque
743 1126 804 1147 non
825 1126 931 1147 verum
953 1126 1073 1156 corpus,
1098 1117 1152 1148 sed
1173 1118 1370 1154 ementitum,
1394 1119 1449 1150 sed

352 1160 389 1193 τὸ
405 1159 584 1206 φάντασμα
599 1168 780 1197 germanum
801 1160 925 1190 tantum
947 1158 1052 1190 fuisse.
1076 1158 1258 1190 Stemmatis
1277 1160 1389 1191 deinde
1409 1170 1448 1192 ex

352 1208 498 1244 MAwJ.
515 1210 548 1238 et
561 1208 645 1238 Luci
661 1208 707 1238 111
722 1207 925 1246 depromptis,
941 1207 1093 1244 ostendit,
1108 1207 1165 1237 aut
1178 1215 1286 1238 omnes
1299 1208 1451 1240 maiorum

351 1250 457 1285 series,
474 1258 602 1287 quorum
617 1258 655 1280 ex
670 1250 775 1288 styrpe
783 1250 930 1279 estuatus
941 1249 1028 1279 Iesus
1044 1248 1198 1285 christus,
1218 1257 1346 1287 corpora
1360 1250 1446 1281 aeria

351 1292 444 1329 atque
455 1291 637 1322 umbratilia
650 1299 759 1329 reapse
767 1290 878 1326 fuisse3
893 1290 972 1327 quod
986 1290 1206 1328 perridicqum
1217 1290 1250 1321 id
1257 1291 1306 1321 est
1312 1291 1447 1328 credere,

350 1337 407 1364 aut
421 1333 605 1364 credendum
633 1333 708 1363 tunc
733 1332 856 1363 demum
880 1332 1039 1363 Christum
1054 1332 1154 1370 ipsum
1169 1340 1278 1370 aeque,
1294 1341 1330 1363 ao
1350 1342 1449 1370 geum

351 1376 385 1406 et
398 1383 527 1413 proavos
542 1383 613 1405 suos
628 1383 738 1413 corpus
759 1382 867 1405 revera
881 1373 1035 1405 habuisse.
1047 1374 1079 1406 Si
1095 1374 1164 1411 quis
1175 1376 1281 1405 autem
1300 1374 1451 1406 obiecerit

352 1425 476 1447 caruem
487 1417 550 1447 Deo
572 1416 744 1453 indignam,
761 1416 919 1454 responsio
940 1416 975 1446 in
996 1416 1142 1454 promptu
1163 1416 1212 1446 est
1243 1416 1364 1454 poetae,
1388 1425 1450 1448 non

349 1467 474 1497 prorsus
489 1458 586 1489 Deum
600 1458 746 1489 dedecere
768 1466 887 1496 corpus,
904 1457 983 1495 quod
998 1458 1130 1496 ipsemet
1143 1457 1208 1488 suis
1221 1457 1366 1488 manibus
1379 1467 1447 1497 per-

350 1500 473 1530 fecerit.
486 1500 623 1530 Tandem
641 1500 667 1530 si
682 1498 825 1531 Christus
840 1508 858 1529 a
872 1507 997 1537 corpore
1022 1499 1197 1536 abhorruit,
1212 1507 1285 1536 ergo
1307 1507 1364 1530 nee
1378 1501 1448 1531 tum

350 1542 482 1579 denique
505 1542 637 1572 mortem
669 1541 759 1579 obiit,
790 1541 883 1579 amne
906 1549 923 1571 e
947 1541 1080 1571 mortuis
1106 1541 1297 1572 resurrexit:
1314 1541 1447 1580 ideoque

349 1592 463 1614 vanum
484 1582 548 1614 fore
574 1592 628 1614 nos
650 1592 736 1622 spem
758 1583 870 1613 bonam
889 1582 992 1612 fovere
1013 1582 1050 1613 de
1081 1591 1243 1622 corporum
1264 1583 1446 1615 nostrorum

348 1634 366 1655 a
387 1626 488 1655 morte
519 1626 762 1661 resurreetione;
788 1633 878 1662 quam
913 1624 987 1655 adeo
1017 1623 1157 1655 versibus
1190 1624 1314 1662 egregie
1350 1623 1444 1656 sactis

351 1667 503 1698 describit
526 1668 644 1698 noster.

306 1804 424 1835 Christi
446 1812 554 1842 corpus
576 1804 698 1843 pariter
719 1812 913 1841 veneramur,
938 1803 998 1834 etsi
1019 1803 1053 1833 in
1068 1802 1176 1835 Cor-dis
1197 1802 1269 1834 sede
1291 1802 1444 1834 libentius

306 1846 563 1883 conquiescimus,
586 1846 619 1876 in
647 1854 724 1883 quo,
747 1846 895 1883 tanquam
917 1845 950 1875 in
967 1846 1092 1884 receptu
1105 1853 1171 1881 suo,
1188 1844 1444 1876 ardentissimum

305 1887 407 1926 divini
435 1887 651 1926 Redemptoris
678 1887 824 1918 affectum
847 1895 921 1923 erga
942 1895 1036 1923 genus
1067 1885 1236 1917 humanum
1267 1886 1445 1917 inhabitare

255 1938 257 1941 ·
306 1930 463 1967 putamus.
481 1929 558 1960 Vide
579 1929 623 1959 sis
645 1929 682 1959 de
704 1928 762 1959 hae
777 1938 828 1960 re:
846 1939 864 1957 «
880 1929 1041 1967 Reliqiose
1062 1928 1139 1966 feste
1159 1928 1196 1958 al
1215 1928 1328 1958 divino
1342 1929 1444 1960 Οιιονσ

305 1971 342 2000 dr·
366 1971 461 2003 Gesu.
479 1981 498 2000 »
513 1971 643 2001 Lettera
659 1971 832 2002 Pastor-ale
852 1970 905 2000 del
926 1970 1093 2001 Cardinale
1108 1970 1259 2001 (inuno
1274 1969 1441 2001 Auamma

306 2013 418 2045 Arciv.
442 2013 478 2042 di
504 2013 626 2043 Tor-ino
647 2013 683 2043 al
705 2013 797 2044 atero
817 2022 833 2042 e
854 2012 889 2042 al
910 2012 1032 2051 Popozo
1054 2013 1116 2045 etc.
1143 2012 1266 2042 Tor-ino
1291 2011 1366 2050 Tip.
1385 2011 1442 2042 Sa·

248 2082 252 2086 ,
307 2054 434 2084 ῖεειαηα
457 2071 495 2076 -
520 2054 613 2085 1889.
638 2071 677 2077 -
701 2063 772 2093 pag.
798 2054 848 2086 19.

367 2095 405 2134 (⁴⁸)
428 2095 463 2125 In
474 2091 554 2127 edit.
580 2095 772 2126 Giseiiniana
786 2106 794 2127 ε
819 2106 837 2125 «
853 2095 917 2132 Qui
933 2094 1107 2126 Christum
1121 2097 1243 2134 ”ayant
1257 2103 1371 2126 vorum
1385 2093 1439 2125 ho·

306 2137 408 2168 minis
422 2147 540 2178 corpus
562 2138 726 2170 habuisse.
752 2149 769 2166 »
