1566 2482
565 144 855 226 mononem
1148 237 1152 242 .
1205 173 1286 215 159

136 305 259 352 Quum
284 301 422 351 placet,
451 298 590 348 aerius,
619 299 658 338 et
685 298 730 338 de
756 297 1024 347 phantasmate
1048 296 1172 346 -visus,

138 358 219 398 Aut
244 356 381 395 innata
407 354 536 393 anima
559 354 642 397 est:
673 353 818 402 quoties
847 351 933 392 volo
958 351 1086 391 ludere
1111 363 1266 400 numen,

138 411 360 459 Praeceptor
378 408 487 448 Belia
512 407 629 455 mihi3
660 407 792 447 domus
810 407 849 445 et
865 405 981 456 plaga
999 406 1176 445 mundus.
1195 407 1219 442 »’
1235 427 1288 434 —-

137 521 225 559 Non
251 517 341 557 tulit
366 516 523 556 ulterius
550 513 652 564 capti
679 513 914 564 blasphemia
942 514 1102 553 monstri

137 573 330 613 Virtutum
356 571 490 620 regina
516 570 650 609 Fides:
681 569 748 608 sed
774 568 888 607 verba
913 568 1100 617 loquentis

138 626 315 675 Impedit,
346 626 385 664 et
410 624 513 663 vocis
539 623 683 663 claudit
709 621 918 672 spiramina
944 622 1037 670 pilo,

139 680 328 720 Pollutam
355 678 480 728 rigida
506 677 737 726 transfigens
765 676 915 725 cuspide
942 676 1128 725 linguam.

141 733 315 782 Carpitur
342 732 549 771 innumeris
575 730 704 770 feralis
730 730 854 769 bestia
880 730 1033 769 dextris.
1213 731 1289 769 720

138 787 343 827 Frustatim
362 786 422 838 (1)
441 786 514 824 sibi
532 785 688 834 quisque
705 786 806 833 rapit
821 784 920 832 quod
937 785 1094 832 spargat
1111 784 1152 824 in
1172 796 1286 824 auras

140 842 246 889 Quod
272 840 430 880 canibus
457 840 583 887 donet,
614 837 733 878 corvis
761 838 858 887 quod
886 837 1063 876 edacibus
1090 838 1190 878 ultro

139 896 294 942 Offerat,
324 893 530 932 immundis
556 903 671 932 caeno
698 891 898 930 exhalante
926 891 1064 930 cloacis

138 949 243 996 Quod
269 949 411 995 tradat,
441 946 620 986 monstris
646 946 746 995 quod
771 946 924 984 mandet
950 945 1083 984 habere
1111 946 1285 985 marinis.

139 1003 349 1042 Discissum
376 1001 494 1040 foedis
521 1000 750 1039 animalibus
777 1010 885 1038 omne
913 999 1071 1039 cadaver
1211 1001 1287 1039 725

78 1087 82 1090 .
140 1056 352 1096 Dividitur:
383 1055 505 1104 ruptis
532 1054 686 1093 Heresis
712 1053 809 1102 perit
834 1053 986 1092 horrida
1012 1053 1202 1093 membris.

139 1109 365 1159 Compositis
391 1110 507 1159 igitur
533 1120 657 1147 rerum
683 1119 899 1156 morumque
926 1108 1102 1146 secundis

140 1166 189 1203 In
215 1175 409 1204 commune
437 1162 546 1202 bonis
581 1161 656 1213 (2),
686 1162 888 1210 postquam
914 1161 1016 1200 intra
1042 1163 1126 1200 tuta
1154 1161 1292 1201 morari

140 1218 323 1267 Contigit,
353 1229 397 1256 ac
425 1217 586 1256 statione
613 1215 704 1263 frui,
735 1216 907 1264 valloque
934 1215 1052 1254 foveri

140 1272 322 1311 Pacifieos
350 1283 499 1318 sensuS‚
529 1271 567 1309 et
592 1269 635 1308 in
663 1269 740 1309 otia
767 1270 909 1309 solvere
937 1281 1069 1316 curas;
1211 1270 1288 1309 730
1324 1307 1326 1310 ,

140 1325 355 1364 Exstruitur
381 1325 506 1363 media
531 1325 740 1364 castrorum
767 1324 853 1362 sede
880 1323 1049 1362 tribunal

141 1379 306 1418 Editiore
331 1379 428 1426 loco,
457 1377 626 1418 tumulus
652 1389 762 1427 quem
790 1377 926 1416 vertice
953 1379 1063 1416 acuto

143 1433 295 1472 Excitat
320 1432 361 1470 in
389 1431 602 1481 speculam:
633 1432 800 1471 subiecta
831 1431 930 1471 unde
958 1431 1084 1470 omnia
1109 1430 1190 1470 late-

143 1487 254 1526 Liber
281 1487 462 1525 inoffenso
488 1485 784 1534 circuminspicit
812 1485 870 1535 (3)
900 1489 983 1524 aere
1010 1485 1130 1524 visus.

144 1540 258 1579 Hunc
285 1540 432 1579 sincera
458 1539 589 1586 Fides,
620 1539 731 1578 simul
758 1540 796 1577 et
823 1539 1049 1586 Concordia,
1080 1549 1186 1578 sacro
1216 1539 1291 1578 735

144 1594 303 1633 Foedere
330 1593 475 1632 iuratae
504 1592 644 1632 Christi
671 1593 741 1631 sub
768 1603 892 1631 amore
919 1603 1076 1639 sorores,

146 1647 411 1687 Conscendunt
436 1647 602 1696 apicem:
632 1658 718 1686 mox
744 1648 782 1685 et
809 1645 966 1685 sublime
993 1645 1161 1684 tribunal
1196 1680 1199 1682 .

146 1703 221 1740 Par
246 1703 422 1741 sanctum
449 1712 647 1749 carumque
675 1700 747 1739 sibi
775 1700 1026 1748 supereminet
1052 1711 1170 1749 aequo

145 1756 232 1794 Iure
258 1755 478 1805 potestatis:
510 1754 723 1794 consistunt
750 1762 888 1804 aggere
917 1765 1061 1793 summo

209 1856 255 1895 (1)
277 1856 484 1887 mustacem.-
506 1865 561 1894 per
583 1855 698 1893 frusta,
721 1855 934 1886 membratim.
957 1855 1102 1886 Occurrit
1116 1855 1244 1886 adverb.
1261 1855 1293 1885 iu

146 1898 261 1929 Primo
283 1898 404 1928 Muom
425 1898 466 1929 H.
489 1898 529 1929 N.
553 1898 627 1934 XX,
651 1899 683 1935 9,
708 1898 770 1938 393
794 1899 828 1929 et
848 1898 930 1936 apud
950 1898 1035 1927 Non.
1057 1897 1100 1933 ΙΙ,
1123 1896 1199 1929 335.

211 1940 257 1978 (2)
281 1940 325 1970 In
345 1948 514 1970 commune
534 1940 626 1971 bonis
647 1941 710 1971 etc.
743 1940 857 1971 Locum
891 1940 943 1971 hic
976 1939 1138 1976 habemus,
1161 1947 1252 1976 quem
1275 1947 1294 1968 a

146 1990 238 2012 versu
260 1982 321 2012 728
343 1981 383 2012 ad
406 1981 468 2012 730
489 1981 543 2012 alii
566 1981 628 2012 alio
651 1982 739 2012 modo
761 1982 953 2013 describunt.
975 1981 1038 2011 Nos
1060 1990 1079 2011 a
1100 1981 1239 2020 'Paeonio
1260 1981 1294 2010 et

147 2024 282 2054 Hcmsm
303 2024 431 2054 minime
452 2023 646 2059 recessimus,
670 2025 704 2054 et
725 2024 776 2055 hic
797 2024 957 2055 Hemswu
978 2023 1127 2060 sequutus
1141 2023 1192 2054 est
1207 2022 1293 2053 G1se-

149 2074 238 2096 cuivs
259 2066 293 2096 in
313 2065 452 2096 editione
474 2065 629 2096 Parisina.

212 2107 257 2146 (3)
279 2107 553 2146 circuminspicit.
569 2108 622 2138 Ita
632 2107 721 2139 codd.
733 2116 821 2139 m.ss‚
837 2107 914 2138 Vide
925 2107 961 2139 et
972 2107 1115 2138 nostrum
1127 2106 1159 2137 in
1171 2105 1293 2146 Apoth.

149 2148 223 2182 492.
248 2166 287 2172 —-
306 2149 411 2181 Glsn..
434 2150 669 2189 circuimspicit.
