1566 2482
297 146 374 187 156
666 156 820 186 Arnum
846 156 1048 186 Pavonum

295 267 484 315 Aetheris,
514 278 558 305 ac
584 266 748 315 patrium
775 265 927 304 famulis
954 265 1094 314 aperire
1111 265 1335 314 profundum
1359 264 1434 316 (1).

296 321 372 359 Dat
397 321 549 369 signum
575 320 665 358 felix
692 319 910 368 Concordia,
939 319 1089 358 reddere
1116 319 1251 359 castris
1342 320 1435 358 '645

297 374 477 413 Victrices
504 374 652 423 aquilas
681 373 756 424 (2),
786 375 896 422 atque
924 373 965 411 in
991 373 1151 412 tentoria
1177 373 1276 422 cogi.

298 429 514 477 Numquam
538 429 648 466 tanta
675 427 747 466 fuit
774 427 928 476 species,
958 438 1026 466 nec
1052 439 1122 476 par
1148 427 1259 466 decus
1286 426 1356 465 ulli

297 482 470 529 Militiae,
502 493 616 530 quum
644 481 836 529 dispositis
863 481 978 519 bifida
1006 480 1158 529 agmina
1185 481 1297 529 longe

298 536 456 574 Duceret
483 535 689 582 ordinibus,
720 534 884 582 peditum
911 534 1094 583 psallente
1122 536 1294 580 caterva3

297 590 371 627 Ast
395 588 472 626 alia
500 588 543 626 de
571 590 676 636 parte
703 588 880 636 equitum.
896 588 1156 626 resonantibus
1184 586 1334 636 hymnis
1361 587 1438 625 650

296 643 384 681 Non
408 642 520 680 aliter
547 642 683 681 cecinit
709 643 923 689 respectans
951 641 1068 680 victor
1095 641 1262 679 hiantem

297 696 417 734 Israel
444 695 584 733 rabiem
610 695 715 743 ponti
742 697 827 743 post
852 697 959 743 terga
985 694 1175 742 minacis,

297 748 418 795 Quum
445 749 521 787 iam
547 748 787 797 progrediens
815 749 976 787 calcaret
1004 748 1061 798 (3)
1090 748 1201 787 litora
1228 747 1324 787 sicco

297 801 481 841 Ulteriora
506 803 612 850 pede,
644 802 877 851 stridensque
904 813 969 850 per
995 801 1133 840 extima
1159 801 1274 840 calcis

296 856 407 895 Mons
433 857 556 894 rueret
581 856 778 905 pendentis
806 867 939 904 aquae,
959 855 1159 904 nigrosque
1185 855 1332 904 relapso
1359 855 1436 894 655

298 910 454 958 Gurgite
482 910 664 949 Nilicolas
693 909 750 959 (4)
779 908 896 948 fundo
923 909 1162 957 deprenderet
1187 909 1276 956 imo,

297 965 354 1002 Ac
380 964 557 1002 refluente
585 963 672 1001 sinu
699 963 775 1000 iam
802 963 969 1001 redderet
995 963 1096 1001 unda
1124 964 1296 1002 natatum

298 1017 483 1064 Piscibus,
513 1018 550 1054 et
577 1017 698 1054 nudas
725 1028 899 1064 praeceps
927 1016 1083 1064 operiret
1109 1028 1256 1054 arenas.

297 1070 468 1109 Pulsavit
494 1081 625 1108 resono
652 1070 884 1108 modulantia
909 1071 1089 1118 tympana
1115 1070 1253 1118 plectro

298 1124 421 1162 Turba
433 1124 518 1170 Dei,
538 1123 728 1161 celebrans
746 1123 880 1161 mirum
895 1134 939 1161 ac
949 1123 1184 1162 memorabile
1199 1122 1341 1176 saeclis„
1360 1122 1437 1159 660

297 1177 574 1225 omnipotentis
602 1188 709 1225 opus,
738 1176 902 1225 liquidas
930 1177 1029 1215 inter
1055 1176 1150 1214 freta
1177 1177 1281 1225 ripas

297 1231 491 1269 Fluctibus
517 1230 648 1269 incisis
676 1231 714 1268 et
741 1230 968 1269 subsistente
995 1230 1157 1279 procella

297 1284 481 1331 Crescere,
511 1295 785 1332 suspensosque
813 1284 944 1332 globos
971 1284 1135 1332 potuisse
1162 1283 1294 1322 teneri.

297 1338 358 1376 Sic
385 1339 600 1386 expugnata
629 1338 801 1376 vitiorum
829 1339 954 1386 gente,
984 1338 1169 1376 resultant

298 1392 459 1440 Mystica
478 1391 698 1430 dulcimodis
713 1391 962 1441 (5)virtutum
984 1391 1152 1429 carmina
1174 1389 1344 1438 psalmis.
1362 1389 1440 1426 665

299 1444 458 1483 Ventum
487 1447 568 1483 erat
604 1446 650 1483 ad
688 1445 814 1483 fauces
851 1446 976 1492 portae
1014 1443 1224 1483 Castrensis
1254 1441 1441 1547 (6)[i;rtubi

1377 1507 1442 1534 um

362 1641 406 1679 (1)
427 1641 577 1679 patrium
597 1640 816 1679 profundum:
832 1639 950 1670 caelum
965 1639 1114 1678 patrium.
1132 1639 1241 1669 Nescio
1256 1646 1388 1675 quanam
1403 1638 1440 1668 de

271 1697 273 1699 >
299 1692 392 1713 causa
413 1683 584 1713 CELLAmvs
609 1682 646 1715 τὸ
676 1683 827 1721 patrium
860 1682 891 1711 in
922 1684 1054 1721 portum
1079 1680 1286 1716 converterit,
1313 1687 1441 1717 eamque

298 1731 365 1760 eius
385 1729 549 1760 lectionem
566 1732 662 1760 antea
682 1731 727 1761 sit
746 1731 906 1769 amplexus
928 1730 1105 1767 Gmumvs,
1128 1728 1358 1766 refragantibus
1378 1737 1440 1758 om-

298 1772 388 1802 nibus
409 1771 498 1802 codd.
521 1780 593 1801 mss.

361 1813 407 1852 (2)
434 1814 586 1844 Victrices
608 1813 753 1852 aquilas,
777 1813 810 1843 id
830 1814 879 1843 est
899 1812 1026 1847 vexilla.
1050 1812 1170 1842 milites
1191 1812 1336 1844 victores.

330 1878 333 1879 γ
361 1854 407 1894 (3)
431 1856 539 1892 Quum
561 1856 629 1885 iam
650 1855 869 1893 prom-adiens,
895 1854 932 1885 V.
954 1854 1059 1885 Exon.
1083 1854 1152 1885 XV.

363 1896 408 1934 (4)
430 1897 606 1933 Nilicolas,
630 1897 682 1933 qui
705 1897 745 1927 ad
766 1897 871 1927 Nilum
893 1896 1072 1932 incolerent,
1095 1895 1277 1934 Aegyptios.
1300 1895 1338 1926 V.
1362 1894 1441 1925 Gon-

300 1941 355 1968 ἱνα
377 1939 505 1976 Symm.
526 1939 570 1975 11,
594 1938 668 1968 493.

363 1979 411 2019 (5)
426 1981 468 2010 M
464 1981 571 2018 ystica
583 1980 804 2011 dulcimodis..
811 1981 996 2011 .carmu'na.
1010 1979 1057 2010 Ex
1065 1979 1217 2010 Hebraico
1224 1979 1283 2009 Tu.
1292 1977 1442 2009 CALvsws

299 2023 420 2057 noster·
437 2031 474 2060 p
470 2024 544 2052 stes
557 2030 629 2053 vero
650 2021 809 2053 ΝιοοιΑνε
822 2021 972 2053 Toum&
967 2030 1010 2052 vs
1035 2021 1169 2051 nobilem
1191 2021 1272 2051 hunc
1294 2019 1442 2059 hymnum

299 2063 416 2093 italicis
439 2063 538 2093 modis
560 2065 722 2103 aptarunt,

363 2105 407 2143 (6)
424 2108 539 2143 portae
562 2105 760 2136 Oasoeusis.
783 2105 817 2138 In
839 2104 955 2136 castris
986 2104 1123 2135 romanis
1157 2104 1304 2141 quattuor
1334 2103 1443 2140 portae
