1566 2482
302 204 352 245 56
674 213 828 243 Avnum
853 211 1058 255 Pavonum

298 329 547 378 Maioremque
575 327 674 376 aliis,
705 328 816 376 atque
843 327 1014 367 omnibus
1039 327 1327 377 imperitantem,
1359 326 1436 366 815

300 383 514 431 Corruptela
539 381 659 430 putris
686 382 900 420 nascentem
925 381 1075 420 turbida
1101 381 1225 421 carnis

300 436 468 484 Concipit
497 435 572 485 (1),
603 447 646 473 ac
673 435 847 474 membris
874 435 1088 474 tabentibus
1116 435 1336 474 interfusam

299 490 506 538 Participat
533 489 576 527 de
603 489 703 528 faece
732 500 822 527 sua:
852 489 896 527 fit
922 489 1038 527 mixta
1065 489 1195 527 deinde

229 546 253 573 ’τ’
274 521 483 592 )Peccandi
510 544 645 581 natura
670 543 749 581 luto
779 541 855 592 (2),
885 554 969 581 cum
995 543 1160 591 simplice
1187 542 1300 588 fiatu;

298 598 369 636 Sed
386 597 541 636 fortasse
559 595 737 643 animam,
760 595 909 634 Domini
928 595 1016 645 quia
1033 596 1142 635 fiuxit
1167 597 1215 635 ab
1233 607 1308 643 ore,
1357 595 1434 634 820

298 651 559 699 compositam,
580 650 788 698 factamque
806 661 934 698 neges,
954 650 1056 688 velut
1071 650 1155 698 ipsa
1182 649 1251 688 Dei
1276 661 1379 697 pars,

299 705 420 754 (Quod
447 704 549 742 dictu
575 703 696 742 scelus
724 704 797 752 est)
826 704 968 741 taetras
995 704 1126 741 trahat
1144 702 1260 742 oblita
1287 702 1431 751 culpas,

298 759 348 796 Et
374 769 523 806 pessum
550 757 727 794 damnata
753 768 864 795 ruens
892 757 1004 795 chaos
1031 756 1145 795 intret
1172 757 1350 804 opertum.

298 811 354 849 Sit
380 823 440 849 res
467 811 534 848 illa
561 809 651 856 Dei;
683 821 758 848 non
786 811 931 848 abnuo:
961 821 1048 858 pars
1067 811 1193 848 tamen
1219 809 1287 847 illa

298 865 598 913 Haudquaquam
625 862 781 902 dicenda
808 863 877 902 Dei
904 865 974 911 est,
1005 875 1098 912 quae
1123 864 1285 911 tempore
1312 874 1390 902 coe-

1242 916 1326 965 (pit.
1358 916 1435 955 825

297 970 376 1011 Nec
393 971 506 1020 prior,
529 971 594 1009 aut
612 971 747 1019 senior,
770 982 881 1019 quam
899 970 1059 1018 primum
1085 970 1231 1018 plasma
1260 970 1336 1020 (3),
1366 981 1433 1018 pu-

1205 1024 1337 1072 [tanda
1363 1025 1433 1062 est.

296 1079 399 1117 Tunc
426 1078 563 1117 etenim
589 1077 728 1116 factam
755 1078 871 1126 video,
901 1089 1014 1126 quum
1041 1077 1162 1116 cordis
1189 1077 1301 1116 amici

294 1132 460 1171 Intravit
486 1143 665 1180 germana
692 1132 854 1178 domum,
884 1131 1036 1180 limique
1063 1131 1222 1169 recentis

296 1185 472 1234 Hospita,
502 1186 540 1223 et
566 1185 649 1233 ipsa
675 1197 801 1224 recens
828 1185 995 1223 fraterna
1022 1184 1118 1224 sedit
1145 1184 1186 1222 in
1214 1182 1315 1223 aula.

295 1238 371 1277 Illa
389 1239 537 1287 quidem
553 1239 667 1277 flatus
686 1238 837 1277 Domini
855 1240 933 1277 est:
956 1238 1020 1277 sed
1038 1237 1192 1286 spiritus
1217 1239 1254 1276 et
1271 1238 1329 1277 vis
1357 1238 1435 1276 830

295 1292 384 1331 Non
411 1294 468 1331 est
494 1292 605 1340 plena
632 1292 716 1339 Dei,
746 1293 852 1331 tanto
878 1291 1127 1330 moderamine
1155 1289 1284 1339 missa,

295 1346 442 1392 Quanto
469 1346 567 1384 flans
594 1345 712 1384 voluit
738 1345 855 1384 flandi
882 1357 1028 1385 servare
1055 1347 1235 1384 tenorem.

294 1400 365 1437 Est
390 1399 616 1447 impossibile
645 1400 809 1447 spectare
837 1399 1022 1448 profunda
1049 1399 1214 1438 Sabaoth
1233 1399 1318 1449 (4):

290 1451 366 1497 ‘Sed
393 1453 594 1501 speculum,
612 1453 761 1492 deitatis
780 1453 888 1492 homo
907 1454 977 1495 est.
1006 1454 1055 1491 In
1082 1463 1229 1501 corpore
1258 1452 1381 1491 discas

295 1507 388 1544 Rem
414 1517 491 1545 non
517 1517 728 1555 corpoream
754 1506 898 1554 sollers,
928 1506 1128 1555 interprete
1157 1505 1318 1554 Christo,
1357 1506 1435 1545 835

296 1557 368 1606 Qui
393 1561 544 1599 Patrem
569 1560 759 1609 proprium
785 1560 935 1600 mortali
961 1561 1002 1598 in
1029 1571 1176 1608 corpore
1204 1560 1402 1612 monstrat,

363 1690 407 1731 (1)
433 1691 592 1730 Concipit.
615 1690 653 1724 V.
678 1690 760 1721 infra
782 1691 857 1724 915.
881 1691 995 1722 Versus
1017 1692 1065 1723 est
1086 1690 1247 1730 spondaic.
1271 1706 1311 1714 -
1424 1698 1476 1718 rc*

299 1732 388 1772 cipat
409 1733 447 1763 de
467 1734 553 1771 faece
573 1742 647 1764 sua.
665 1732 698 1764 Si
714 1742 846 1771 namque
868 1742 979 1771 aquam
1001 1742 1029 1766 e.
1045 1742 1092 1771 gr.
1110 1734 1143 1763 in
1160 1733 1274 1770 ,vitiato
1295 1741 1351 1764 vas
1388 1733 1437 1768 in-

295 1774 420 1810 fundas,
449 1783 529 1812 aqua
550 1775 768 1813 corrumpitur.
787 1785 806 1804 «
821 1774 982 1805 Sincerum
996 1775 1045 1805 est
1057 1775 1120 1805 nisi
1142 1783 1209 1811 vas,
1226 1772 1438 1813 quodcumque

296 1815 438 1847 infundis
452 1816 615 1848 acescit.»
630 1817 712 1847 Ηοιῑ.
730 1816 787 1854 Ep.
805 1817 831 1853 Ι,
849 1817 927 1853 11‚4
949 1816 988 1846 ad
1001 1816 1147 1848 Lollium.
1171 1816 1249 1847 vide
1264 1816 1309 1847 sis
1330 1816 1363 1848 S.
1375 1816 1438 1847 Av-

298 1865 388 1890 Gvsr.
406 1858 483 1888 libro
507 1858 533 1887 V
560 1859 670 1888 contra
691 1857 801 1889 Iulian.
826 1867 853 1888 c.
878 1840 934 1890 1⁵11.
1562 1856 1566 1880 ἑ

263 1938 265 1941 .
359 1899 405 1939 (2)
412 1899 572 1939 peccandi
586 1902 712 1930 natura
728 1900 809 1937 luto,
825 1899 1034 1930 Praetulerim
1045 1900 1212 1939 peccantis
1223 1902 1350 1931 natura
1362 1899 1440 1937 luti,
1557 1881 1566 1939 ἓ

296 1941 432 1972 Hamsm
455 1950 516 1972 non
537 1942 758 1980 exprobrante.
1553 1942 1566 1995 i

359 1982 404 2022 (3)
420 1983 572 2022 primum
588 1984 738 2022 plasma.
762 1983 831 2015 scil.
860 1993 877 2011 «
899 1982 999 2014 Adam
1020 1994 1039 2012 »
1064 1983 1133 2016 Vet.
1153 1983 1271 2016 Glossa.

358 2024 401 2064 (4)
418 2025 479 2055 Est
492 2025 701 2064 impossibile.
724 2024 762 2059 τὸ
780 2022 953 2061 ἀδύνατον.
970 2026 1189 2065 Impossibilis
1206 2035 1223 2057 e
1250 2034 1311 2058 vox
1334 2025 1438 2057 adiee-

295 2071 366 2104 tiva
387 2073 449 2110 est,
472 2081 563 2110 quam
591 2072 796 2111 varmm.
827 2073 948 2112 (lnsffit.
965 2073 1004 2105 V.
1030 2073 1106 2114 10)·
1131 2074 1243 2105 deinde
1262 2073 1382 2110 Arne
1404 2074 1440 2106 et

294 2113 427 2145 seriores
461 2114 635 2149 latinitatis
670 2115 839 2155 scriptores
865 2117 1067 2155 usurparunt.
1093 2132 1135 2139 —-
1168 2115 1326 2152 Sabaoth.
1359 2114 1439 2150 Vide

293 2152 446 2204 Καθημ.
474 2157 580 2196 hymn.
603 2156 659 2194 IV,
685 2156 716 2190 7.
