1566 2482
587 166 849 240 'nnrrrconr
986 176 1065 206 ’
1220 171 1387 239 29ΪΗ

465 374 581 414 XLV.
611 374 755 414 Passio
791 373 986 423 Stephani

153 463 303 503 Primus
328 463 403 503 init
427 463 644 512 Stephanus
670 463 878 504 mercedem
904 463 1121 512 sanguinis,
1151 463 1264 503 imbri

203 517 391 557 Adflictas
416 517 610 566 lapidum3
642 517 832 557 Christum
858 518 990 556 tamen
1008 517 1072 556 ille
1099 520 1279 557 cruentus

206 573 314 611 Inter
340 583 434 610 saxa
459 573 584 620 rogat,
614 583 662 610 ne
689 571 741 611 sit
766 571 950 620 lapidatio
977 571 1103 610 fraudi
1122 571 1184 622 (l)

204 626 404 666 Hostibus.
435 627 467 666 Ο
493 625 638 675 primae
664 625 789 675 pietas
815 626 990 665 miranda
1016 628 1199 666 coronae!

470 751 610 791 XLVI.
640 750 767 790 Porta
787 750 974 800 Speciosa

154 843 268 882 Porta
295 843 422 880 manet
447 841 579 889 templi
599 841 675 892 (2),
703 840 916 890 Speciosam
935 852 1050 889 quam
1067 841 1299 891 vocitarunt,

205 895 411 945 Egregium
438 895 646 934 Solomonis
673 906 790 943 opus:
822 895 888 933 sed
915 895 1039 933 maius
1066 894 1108 933 in
1135 895 1205 933 illa

206 950 348 989 Christi
374 961 468 998 opus
493 948 660 988 emicuit.
691 950 792 988 Nam
818 949 976 988 claudus
1002 960 1154 998 surgere
1175 948 1303 988 iussus

206 1003 278 1042 Ore
306 1003 424 1051 Petri,
454 1003 600 1052 stupuit
625 1003 775 1043 laxatos
801 1014 947 1042 currere
965 1015 1119 1052 gressus
1147 1002 1222 1054 (3).

500 1129 661 1168 XLVII.
700 1127 807 1168 Visio
838 1128 950 1167 Petri

150 1217 320 1257 Somniat
334 1216 393 1268 (4)
425 1218 616 1266 inlapsum
644 1218 782 1256 Petrus
798 1217 876 1257 alto
903 1229 948 1256 ex
965 1217 1114 1256 aethere
1133 1218 1292 1265 discum,

206 1272 423 1311 confertum
449 1271 664 1321 omnigenis
692 1271 945 1311 animalibus:
977 1272 1040 1311 ille
1067 1274 1218 1311 recusat

205 1326 407 1372 Mandere3
439 1326 505 1365 sed
524 1325 710 1365 Dominus
727 1326 830 1366 iubet
847 1326 975 1365 omnia
993 1326 1133 1365 munda
1151 1328 1298 1379 putare.

205 1379 349 1430 Surgit,
377 1381 416 1419 et
441 1380 657 1418 immundas
683 1381 794 1419 vocat
820 1381 870 1418 ad.
895 1380 1076 1430 mysteria
1102 1382 1250 1430 gentes.

459 1499 642 1539 XLVIII.
678 1499 757 1539 Vas
787 1499 988 1539 electionis

154 1589 227 1628 Hic
252 1589 364 1638 lupus
391 1589 480 1628 ante
507 1600 625 1638 rapax
653 1579 813 1629 vestitur
838 1589 974 1629 vellere
1006 1590 1130 1629 molli:

204 1643 339 1682 Saulus
366 1642 431 1692 qui
456 1642 595 1691 fuerat,
626 1643 682 1694 fit,
715 1644 864 1683 ademto
895 1644 1052 1696 lumine,
1080 1644 1238 1684 Paulus.

214 1732 260 1770 (1)
284 1740 323 1762 no
342 1731 388 1762 sit
401 1731 569 1770 fraudi—
582 1740 622 1764 no
634 1732 680 1763 sit
689 1732 893 1764 detrimento.
905 1734 1058 1773 —pietas
1069 1733 1227 1765 miranda
1243 1743 1291 1765 co-

154 1788 267 1811 ronae.
290 1778 481 1818 Stephanus,
503 1788 522 1809 a
544 1788 654 1815 graeco
676 1773 852 1821 στέφανος,
874 1789 988 1812 corona
1008 1782 1070 1813 est-

214 1821 261 1859 (2)
277 1824 378 1860 porta
393 1821 518 1860 templi.
541 1822 585 1852 De
601 1822 883 1862 Hierosolymorum
899 1823 1016 1862 templo
1030 1823 1114 1860 vide,
1126 1824 1236 1854 amabo
1248 1824 1292 1860 te,

154 1864 314 1898 Dmouvu,
335 1862 472 1893 sodalem
496 1864 743 1895 Dominicianum
764 1866 796 1895 in
810 1865 933 1895 erudito
947 1874 1040 1904 opere
1070 1874 1165 1904 supra
1181 1874 1293 1896 memo·

152 1907 223 1935 rato
245 1914 263 1932 κ
279 1904 368 1935 Iasus
390 1904 524 1935 Cnmsra
540 1916 572 1941 »‚
595 1915 654 1943 quo
676 1907 709 1936 in
730 1915 821 1945 opere
835 1907 1103 1938 absolutissimum
1115 1908 1198 1938 sacri
1209 1907 1293 1938 aedi-

151 1947 214 1977 ficii
236 1945 430 1983 diagramma
449 1947 642 1985 proponitur.

211 1988 257 2026 (3)
280 1988 414 2018 luxatas
433 1997 569 2019 oum-ere
587 1999 733 2029 yressus.
750 1990 786 2020 In
808 1989 931 2022 Vatiae.
955 1990 1102 2027 (luobus.;
1118 1990 1293 2024 danmatos

152 2037 288 2060 cum-ere
305 2038 451 2068 gressus.

218 2070 266 2109 (4)
287 2072 445 2102 somniat.
466 2071 532 2110 Quo
551 2081 644 2103 sensu
672 2073 908 2111 intelligendum
928 2074 974 2104 sit
995 2074 1122 2104 verbum
1135 2074 1291 2111 somniat,

151 2121 190 2143 ea
200 2112 234 2142 in
251 2114 353 2143 mente
366 2122 487 2151 revoca,
502 2122 582 2151 quae
602 2115 837 2153 adnotavimus,
850 2115 904 2146 ubi
919 2116 957 2146 de
977 2116 1007 2147 S.
1022 2116 1142 2147 lomus
1157 2116 1292 2149 diximus

152 2151 392 2203 Καθημ-ΥῙ,
414 2169 493 2195 νοτε.
515 2162 568 2199 85,
590 2162 688 2202 deque
707 2163 846 2195 eiusdem
867 2163 1080 2205 Apocalypsi.
