1566 2482
570 144 860 208 Psrjononcnn
1205 138 1283 178 135
1294 131 1297 134 ’

141 268 222 315 Quo
247 277 287 305 se
312 264 411 306 fulta
436 264 537 304 iubis
564 263 772 304 iactantius
798 262 868 301 illa
894 261 1030 301 ferinis

142 319 316 368 Inferret‚
342 319 488 359 tumido
515 319 736 367 despectans
764 317 922 366 agmina
949 315 1066 355 fastu.

142 374 332 414 'Pul-ritum
357 373 469 413 tortis
495 374 609 421 caput
635 371 892 411 accumularat
916 369 958 408 in
985 369 1107 408 altum

143 428 334 475 Crinibus,
363 428 572 467 exstructos
599 427 753 475 augeret
778 426 823 464 ut
848 423 979 463 addita
1005 423 1121 462 cirros
1150 423 1210 474 (1)

144 482 358 531 Congeries‚
383 482 596 530 celsumque
623 481 767 529 apicem
785 478 890 518 frons
909 478 1027 516 ardua
1044 478 1171 517 ferret.
1214 477 1291 516 185

145 537 331 576 Carbasea
358 535 418 586 (2)
446 547 491 574 ex
518 535 683 574 humeris
711 545 856 573 summo
883 532 1040 571 collecta
1066 532 1192 571 coibat

146 590 255 629 Palla
281 590 383 638 sinu,
411 591 566 628 teretem
592 590 749 628 nectens
777 599 800 626 a
826 589 975 636 pectore
1002 587 1166 633 nodum3

146 646 182 682 A
208 644 349 684 cervice
374 621 498 682 ’fluens
523 644 629 682 tenui
655 641 841 681 velamine
867 641 1007 680 limbus

147 698 318 746 Concipit
344 698 515 747 ingestas
545 697 605 746 (3)
633 696 746 735 textis
772 695 1012 744 turgentibus
1039 706 1167 732 auras.

146 754 227 791 Nec
253 752 380 791 minus
405 750 576 790 instabili
603 750 755 798 sonipes
782 748 931 788 feritate
960 748 1141 796 superbit,
1217 746 1295 785 190

146 806 356 855 Impatiens
382 805 545 843 madidis
570 804 752 843 frenarier
780 815 844 842 ora
871 802 1012 852 lupatis
1042 803 1118 851 (4).

148 861 234 899 Huc
258 860 351 898 illuc
378 859 555 898 frendens
583 858 744 897 obvertit
769 859 893 906 terga,
923 857 1063 905 negata

147 915 335 953 Libertate
361 912 490 962 fugae,
519 912 730 961 pressisque
757 911 935 950 tumescit
961 909 1134 948 habenis.

148 969 231 1007 Hoc
259 979 341 1006 sese
368 968 564 1006 ostentans
590 966 726 1005 habitu
751 967 908 1004 ventosa
933 964 1081 1012 virago,

148 1023 255 1061 Inter
271 1023 468 1069 utramque
488 1020 606 1058 aciem
626 1019 889 1068 supereminet,
911 1020 948 1057 et
965 1018 1200 1067 phaleratum
1221 1018 1298 1056 195

149 1075 414 1115 circumflectit
439 1085 590 1124 equum,
621 1074 802 1122 vultuque
830 1074 868 1110 et
894 1083 982 1111 voce
1010 1071 1178 1110 minatur
1192 1103 1201 1119 ,

147 1130 359 1170 Adversum
386 1129 445 1178 (5)
475 1130 650 1176 spectans
682 1138 862 1166 cuneum:
894 1138 1004 1175 quem
1029 1126 1149 1165 milite
1176 1137 1277 1173 raro,

150 1185 200 1223 Et
225 1182 461 1232 paupertinis
489 1183 548 1231 (6)
578 1182 628 1220 ad
654 1181 752 1220 bella
779 1182 952 1229 coegerat
978 1180 1094 1219 armis

151 1238 260 1276 Mens
286 1236 463 1275 humilis:
495 1236 628 1285 regina
655 1235 821 1284 quidem,
852 1235 917 1273 sed
944 1246 1061 1283 egens
1088 1234 1204 1273 alieni

152 1291 313 1338 Auxilii,
341 1290 489 1339 proprio
517 1301 585 1328 nec
613 1291 676 1328 sat
701 1290 846 1328 confisa
873 1290 1008 1337 paratu
1038 1288 1112 1337 (7).
1223 1288 1302 1326 200

217 1418 262 1458 (Ι)
284 1420 400 1450 cirros.
425 1419 532 1449 Cirrus
553 1418 686 1457 capillus
707 1418 827 1449 dicitur
858 1419 973 1448 natura
1004 1418 1137 1456 crispus,
1154 1420 1211 1448 aut
1233 1427 1303 1448 con-

155 1463 274 1497 tortus3
297 1463 330 1491 et
351 1461 458 1492 differt
478 1470 497 1491 a
519 1461 682 1496 cincinno,
705 1460 758 1498 qui
780 1461 830 1491 est
852 1462 923 1490 arte
944 1461 1111 1498 crispatus.

217 1503 262 1542 (2)
285 1503 452 1537 carbasea,
476 1511 516 1533 ex
536 1502 601 1532 lino
622 1503 805 1532 tenuissimo
827 1504 861 1532 et
881 1502 951 1532 albo
973 1502 1110 1532 intexta.

217 1544 262 1583 (3)
283 1546 439 1583 iuqestas,
463 1545 619 1576 inmissus.
644 1543 746 1574 Vatic.
772 1553 850 1574 unus
882 1544 957 1574 olim
997 1544 1164 1582 infestas;
1192 1545 1229 1574 at
1260 1544 1305 1574 ibi

160 1587 262 1617 aliena
282 1595 392 1617 manus
413 1588 558 1624 inq-estas
578 1586 807 1624 superinduxit.

220 1629 266 1666 (4)
290 1628 428 1667 lupatis.
453 1627 636 1667 Lupatum,
653 1628 680 1663 i,
692 1636 739 1662 n.,
755 1629 788 1658 et
803 1627 952 1666 lupatria,
970 1627 996 1663 i,
1012 1636 1055 1657 m.
1073 1626 1191 1657 frenum
1207 1627 1306 1664 sigui-

160 1670 237 1700 ficat
258 1671 396 1708 asperius
410 1693 418 1705 ,
442 1670 492 1700 ita
513 1669 631 1699 dictum
655 1678 674 1699 a
695 1669 843 1699 dentibus
871 1669 989 1708 lupinis
1003 1691 1011 1706 ,
1040 1668 1094 1706 qui
1125 1669 1307 1707 inaequales

159 1713 246 1744 sunt.
271 1712 310 1745 V.
332 1712 424 1743 Ssnv.
448 1711 489 1742 ad
514 1711 624 1748 virgil.
650 1711 744 1742 Geor.
767 1711 823 1748 111.
849 1711 920 1742 208.

219 1754 267 1793 (5)
290 1755 451 1784 Amr-sum
472 1753 589 1786 Tutor..
613 1755 736 1788 noster;
761 1753 817 1783 sed
838 1761 892 1783 nos
907 1753 1012 1785 G1szn.
1030 1752 1191 1790 sequimur
1205 1752 1309 1783 excri-

158 1796 286 1826 bentem
308 1795 497 1827 adversum.

221 1837 267 1876 (6)
284 1847 409 1877 paupe
400 1839 522 1868 resinis
551 1845 624 1873 vox,
658 1845 752 1874 quam
785 1838 975 1875 usurparunt
1006 1836 1138 1871 Nomvs,
1176 1836 1310 1866 Ganmvs

158 1879 374 1917 grammatici,
397 1879 514 1917 aliique
532 1879 686 1916 sequioris
706 1879 882 1909 latinitatis
903 1879 1084 1917 scriptores,
1106 1886 1162 1916 pro
1177 1886 1212 1908 eo
1228 1877 1310 1915 quod

162 1922 212 1952 est
234 1929 363 1959 pauper
386 1921 602 1960 pauperculus,
625 1920 775 1957 modicus,
797 1921 914 1953 tenuis.

221 1963 266 2000 (7)
288 1964 443 2001 Propi-1¹0.
474 1972 532 1992 nec
563 1965 616 1993 sat
647 1962 771 2001 confisa
798 1966 937 2001 paratu.
974 1962 1116 1999 Namque
1150 1959 1226 2006 Οὐχ
1260 1959 1310 1993 ὅτ’.

160 2009 269 2044 ἱκανοί
293 2009 391 2056 ἐσμεν
415 2008 482 2065 ἀφ’
495 2008 623 2044 ἑαυτῶν
639 2007 851 2057 λογίσασθαί
867 2021 898 2043 τι
910 2008 959 2048 ὡς
976 2007 1012 2049 ἐξ
1030 2008 1170 2049 ἑαυτῶν,
1188 2006 1270 2041 ἀλλ’
1283 2007 1310 2055 ἣ

161 2057 323 2106 ἱκανότης
347 2056 482 2105 ἡμῶν
471 2069 509 2091 εκ
532 2061 592 2092 τοῦ
617 2056 742 2094 Θεοῦ...
758 2061 875 2092 Pam..
893 2058 946 2088 Ad
963 2057 1110 2088 Corinth.
1135 2057 1178 2093 ΙΙ,
1203 2056 1256 2094 111,
1278 2057 1311 2086 5.

160 2108 194 2137 ot
219 2107 251 2138 V.
274 2107 318 2137 ad
343 2106 418 2136 Gal.
444 2106 497 2143 VI,
522 2106 553 2136 3.
