1566 2482
579 225 870 254 Psrciromcnu
1220 214 1297 254 143

144 333 342 374 Nexibus?
368 333 430 373 his
457 332 603 382 rigidas
631 334 740 374 nodis
766 334 951 374 innectier
980 334 1042 385 (1)
1070 335 1213 376 ulnas?

144 389 196 426 Ut
224 388 336 427 mitra
362 387 566 427 caesariem
594 388 772 428 cohibens
799 390 934 428 aurata
961 389 1109 428 virilem

145 442 342 481 combibat
369 441 537 481 infusum
565 453 691 481 croceo
718 442 940 492 religamine
968 443 1128 482 nardum
1157 444 1239 494 (2)!

145 497 239 534 Post
256 495 440 544 inscripta
454 496 545 535 Oleo
559 495 696 535 frontis
710 496 910 546 signacula
927 497 1004 548 (3),
1020 509 1086 546 per
1100 509 1195 546 quae
1214 499 1293 537 360

141 550 384 598 Unguentum
399 550 525 599 regale
540 550 670 589 datum
685 552 757 598 est,
775 552 815 589 et
829 550 1002 590 Chrisma
1016 563 1178 599 perenne
1190 552 1265 602 (4);

143 604 195 642 Ut
221 605 325 642 tener
352 603 521 643 incessus
547 603 712 653 vestigia
738 606 903 654 syrmate
932 604 990 656 (5)
1020 607 1159 653 verrat,

141 657 337 706 Sericaque
364 657 538 697 infractis
567 657 717 697 fluitent
743 660 787 698 ut
814 659 932 708 pallia
958 659 1160 699 membris:

143 712 234 750 Post
260 711 509 751 immortalem
537 712 706 751 tunicam
733 724 847 761 quam
874 712 1008 761 pollice
1037 714 1144 752 docto

139 764 274 803 Texuit
301 765 404 804 alma
431 766 556 813 Fides,
588 766 687 805 dans
713 765 999 815 impenetrabile
1028 770 1179 816 tegmen
1214 769 1292 806 365

142 819 360 858 Pectoribus
387 819 490 867 lotis,
523 820 675 859 dederat
702 820 838 868 quibus
864 820 950 869 ipsa
976 821 1138 860 renasci.

139 873 310 912 Indead
340 874 547 912 nocturnas
576 874 723 923 epulas,
753 874 819 912 ubi
846 875 1054 914 cantharus
1082 875 1220 924 ingens

139 926 296 975 Despuit
323 926 431 966 effusi
459 928 677 976 spumantia
704 928 845 967 damna
872 928 1010 967 falerni

140 980 188 1018 In
218 992 387 1019 mensam
415 981 564 1030 cyathis
592 982 855 1027 stillantibus;
886 983 963 1021 uda
990 982 1055 1021 ubi
1083 983 1202 1022 multo

139 1034 274 1073 Pulcra
301 1046 418 1082 mero,
448 1035 638 1084 veterique
665 1037 875 1075 toreumata
892 1047 973 1075 rore
991 1036 1192 1086 rigantur:
1213 1037 1292 1077 370

12 1083 15 1087 ’
72 1103 75 1106 ·
137 1087 288 1127 Excidit
314 1100 403 1137 ergo
430 1089 569 1128 animis
596 1090 709 1128 eremi
737 1089 795 1140 (6)
825 1090 925 1138 sitis,
955 1090 1094 1130 excidit
1119 1091 1185 1130 ille

137 1142 236 1180 Fons
263 1142 434 1190 patribus
461 1143 506 1182 de
534 1155 624 1192 rupe
652 1145 778 1191 datus,
808 1155 918 1193 quem
945 1145 1108 1195 mystica
1136 1145 1247 1194 virga

136 1195 292 1242 Elicuit,
322 1195 432 1235 scissi
459 1197 656 1237 salientem
684 1197 821 1237 vertice
850 1198 961 1237 saxi?

135 1249 390 1298 Angelicusve
416 1250 522 1290 cibus
552 1250 610 1302 (7)
639 1251 762 1300 prima
788 1251 830 1290 in
856 1252 1020 1292 tentoria
1047 1253 1183 1292 vestris

136 1303 264 1342 Fluxit
291 1304 388 1352 avis,
420 1316 530 1353 quem
558 1317 660 1345 nunc
687 1317 768 1345 sero
796 1305 941 1345 felicior
957 1318 1050 1346 aevo
1211 1307 1288 1346 375

137 1357 383 1406 Vespertinus
410 1358 488 1397 edit
513 1359 674 1408 populus
701 1360 746 1399 de
773 1371 923 1409 corpore
953 1360 1122 1400 Christi?
1186 1388 1190 1392 ⁴

203 1477 248 1516 (l)
273 1478 449 1507 innectier:
471 1477 681 1524 παραγωγή.

200 1525 245 1562 (2)
269 1525 463 1562 infusum...
486 1527 647 1562 nardum,
664 1535 706 1558 m.
732 1528 798 1557 Duo
819 1527 908 1557 codd.
933 1536 1021 1560 mss.
1047 1527 1171 1561 Vaticc.
1196 1528 1288 1566 infu-

135 1576 222 1601 sam,
241 1566 278 1599 fi:
302 1567 357 1596 sed
386 1575 444 1597 vox
467 1569 597 1605 utroque
621 1577 733 1605 genere
763 1569 896 1606 gaudet;
922 1570 1030 1606 oetque
1045 1569 1194 1600 hebraica
1216 1574 1286 1616 '372

137 1631 255 1670 (nerd).

196 1674 242 1713 (3)
266 1674 430 1712 inscripta
446 1675 518 1705 Oleo
539 1675 662 1712 frontis
683 1677 871 1714 siquae-ula.
897 1676 970 1707 Oleo
992 1675 1108 1707 Sancto
1130 1676 1163 1706 iu
1186 1676 1286 1708 fronte

134 1715 280 1752 signato:
306 1715 385 1752 quod
408 1718 441 1746 et
462 1725 516 1746 nos
540 1717 680 1747 videmus
701 1718 768 1748 fieri
791 1727 885 1756 quum
910 1718 1053 1749 Pontifex
1077 1718 1158 1748 almo
1180 1718 1287 1750 Chris-

135 1759 219 1787 mate
240 1758 367 1794 inungit
387 1758 520 1796 ephebos
535 1759 567 1788 in
590 1759 667 1790 Fide
684 1759 866 1790 Christiana
886 1760 1122 1792 confirmandos,
1146 1761 1184 1791 V.
1210 1762 1284 1792 Bm,-
1300 1786 1307 1790 .

134 1806 315 1833 malurn.
334 1798 483 1830 συκίνου.
507 1801 543 1830 Τ.
567 1801 625 1836 ΙΙΙ,
650 1810 679 1839 p.
704 1801 778 1832 311.

195 1841 242 1880 (4)
259 1851 412 1880 perenne.
437 1842 563 1872 Etenim
586 1843 616 1873 S.
640 1843 891 1874 Confirmationis
906 1844 1142 1874 Sacramentum
1168 1845 1284 1875 animis

134 1883 250 1913 nostris
261 1884 382 1920 signum
394 1884 499 1921 infigit
510 1884 686 1924 indelebile,
694 1886 816 1924 sivepeae
818 1894 907 1916 vnne
919 1887 965 1916 uti
980 1887 1140 1916 aitnoster
1152 1887 1281 1925 poetice.

196 1925 243 1962 (5)
263 1928 423 1963 syrmate.
447 1926 557 1964 Syrma
576 1935 643 1957 mos
665 1927 761 1957 vestis
778 1927 839 1958 suit
855 1935 946 1966 penes
966 1928 1135 1958 orientales
1155 1929 1284 1967 populos

131 1966 294 2003 oblongae,
318 1967 432 2002 fluxae,
455 1976 532 2006 pone
561 1968 710 1999 laciniam
733 1969 875 2005 trahens,
899 1978 992 2006 quam
1015 1970 1187 2001 induebant
1207 1971 1282 2002 mol·

130 2009 222 2038 liores
243 2009 276 2038 et
297 2008 459 2040 delicatuli
481 2010 526 2040 illi
551 2010 701 2044 homines
727 2019 802 2047 quos
836 2012 979 2042 PLAvrvs
1002 2020 1055 2049 per
1077 2011 1281 2044 deridiculum

135 2051 284 2080 venerios
306 2051 476 2089 nepotulos
496 2054 689 2091 nuncupavit
712 2053 791 2089 (Mil.
815 2053 900 2084 Glor.
924 2053 962 2089 V,
987 2054 1040 2090 20,
1063 2054 1158 2093 etc).

195 2092 240 2130 (6)
273 2093 383 2128 eremi,
417 2094 555 2125 secunda
575 2095 660 2125 vociS
691 2095 814 2133 syllaba
834 2095 966 2126 licenter
988 2095 1161 2132 breviatur,
1188 2098 1226 2127 nt
1247 2084 1279 2127 in

134 2134 257 2172 Dypne.
281 2134 352 2164 XII.

196 2176 242 2215 (7)
265 2177 472 2216 anqelicuwe
494 2177 766 2216 cibus.1ntenige
788 2179 915 2213 Manna.
933 2179 969 2210 V.
988 2179 1088 2211 Exon-
1114 2179 1200 2211 XVI.
