1566 2482
293 166 382 211 186'
670 175 823 213 avitam
849 173 1051 213 Pavonum

346 294 395 331 Et
414 293 549 331 densas
576 304 706 341 saepes
733 294 915 332 obscoena
943 293 1080 333 cubilia
1107 293 1225 333 inire:

345 346 576 385 Indomitum
603 347 802 385 intendens
832 348 1012 396 animum,
1061 359 1274 397 semperque
1318 360 1426 397 para-

346 454 407 492 Ad
435 453 597 501 facinus,
625 465 830 503 numquam
844 454 978 493 calidis
994 455 1107 507 dabat
1130 455 1204 493 otia
1232 399 1438 505 v·enis[t(lit)n.v

347 560 420 598 Hic
449 560 537 599 deus
565 572 583 598 e
610 561 731 609 patrio
757 562 983 610 praenobilis
1021 562 1264 611 Hellesponto
1294 506 1426 611 (2[)1,1-Ο

345 613 460 652 Venit
478 615 643 663 adusque
658 616 778 654 Italos
797 615 914 654 sacris
930 627 1013 654 cum
1031 616 1201 664 turpibus
1221 616 1369 655 hortos:

345 667 474 705 Sinum
503 668 564 718 (3)
592 668 716 716 lactis,
748 671 784 707 et
811 669 902 708 haec
929 671 1095 708 votorum
1122 669 1199 708 liba
1227 669 1427 718 quotannis

347 721 508 769 Accipit,
538 733 582 759 ac
609 722 706 760 ruris
735 724 858 761 servat
885 723 1012 762 vineta
1039 722 1183 770 Sabini,

345 775 514 822 Turpiter
543 774 664 813 adfixo
689 776 828 823 pudeat
855 787 964 824 quem
990 777 1107 815 visere
1134 787 1251 816 ramo.
1343 775 1419 814 115

294 828 499 866 Herculeus
525 828 648 867 mollis
675 830 779 877 pueri
807 829 972 869 famosus
1002 829 1064 879 (4)
1085 841 1208 868 amore

346 881 479 929 Ardor,
507 883 545 920 et
570 882 611 920 in
638 882 815 922 transtris
842 883 983 922 iactata
1010 883 1179 922 efferbuit
1206 883 1325 932 Argo.

345 935 425 974 Nec
452 935 566 973 maris
593 936 739 974 erubuit
766 937 908 975 Nemea
934 938 1003 976 sub
1030 937 1126 985 pelle
1153 937 1276 976 fovere

346 988 585 1036 Concubitus,
607 991 645 1027 et
675 990 803 1038 Hylan
831 992 1044 1038 pereuntem
1073 989 1134 1042 (5)
1154 1002 1325 1039 quaerere
1344 1002 1424 1045 cae-

345 1095 458 1134 Nunc
467 1095 579 1134 Saliis
589 1097 773 1144 cantuque
781 1096 910 1135 domus
921 1096 1075 1135 Pinaria
1087 1096 1146 1147 (6)
1157 1041 1424 1146 oemplugsssd

355 1207 400 1247 (1)
422 1207 583 1239 calidis...
605 1208 711 1238 vem's:
732 1208 855 1247 phrasis
870 1209 920 1239 est
934 1209 1029 1239 cauta
1049 1209 1088 1239 ad
1103 1218 1154 1240 eas
1169 1209 1304 1248 corporis
1319 1210 1426 1248 partes

292 1250 493 1286 denotandas,
510 1258 586 1286 quas
601 1250 710 1288 pudor,
726 1251 805 1280 dicit
818 1251 987 1288 Phaedrus,
1006 1251 1100 1283 celat.
1119 1251 1154 1283 V.
1167 1251 1249 1282 Gen.
1264 1259 1355 1286 xmx.
1373 1252 1424 1284 lo.

356 1291 401 1329 (2)
423 1301 438 1321 e
455 1292 609 1330 patrio...
630 1292 862 1332 Hetlesponto:
885 1302 964 1323 vers.
983 1292 1136 1324 hemistic.
1163 1293 1294 1331 Priapus
1321 1293 1426 1324 Liberi

291 1333 371 1363 filius
395 1333 555 1371 Lampsaci
583 1338 684 1363 ortum
707 1333 799 1363 duxit
826 1335 858 1364 in
885 1334 959 1364 urbe
982 1334 1188 1372 Hellesponti.
1212 1335 1347 1365 Desormi
1370 1334 1425 1365 ad·

290 1376 398 1413 spectu
419 1383 486 1405 eum
511 1375 638 1404 Romani
661 1376 857 1412 effingebant,
880 1376 976 1406 barba
1000 1376 1151 1414 promissa
1175 1375 1347 1414 capilloque
1371 1376 1427 1406 in-

290 1417 426 1456 compto,
443 1416 495 1453 qui
517 1425 612 1446 manu
634 1417 742 1448 falcem
763 1419 904 1455 gestaret
918 1418 952 1447 iu
966 1417 1125 1448 hortorum
1141 1418 1282 1455 ingressu
1295 1417 1336 1448 ad
1351 1426 1426 1450 aves

294 1466 330 1488 ac
348 1456 428 1487 sures
452 1459 613 1489 arcendos,

355 1499 404 1539 (3)
426 1500 544 1529 Sinum
567 1500 672 1532 lactis.
698 1499 807 1530 Sinum
829 1500 861 1530 id
883 1509 922 1531 ex
937 1501 1073 1531 Varrone
1086 1509 1138 1531 vas
1149 1501 1209 1538 est,
1225 1511 1243 1529 α
1259 1500 1339 1538 quod
1360 1509 1424 1532 ma-

291 1541 387 1571 iorem
402 1542 607 1577 cavationem,
625 1550 717 1579 quam
734 1542 843 1580 pocula
858 1542 982 1574 habeat.
1001 1554 1019 1572 »
1041 1543 1078 1575 V.
1097 1543 1189 1574 Vme.
1205 1543 1276 1574 Ecl.
1294 1543 1354 1580 vll,
1370 1542 1422 1575 33.

355 1582 400 1621 (4)
422 1584 589 1620 famosus.-
613 1583 695 1614 suma
718 1588 822 1621 notus,
843 1584 991 1618 celebris:
1016 1584 1072 1615 hoc
1094 1593 1186 1615 seusu
1200 1585 1340 1621 Tacitus,
1357 1583 1424 1615 Gel-

269 1655 271 1658 ⁴
303 1624 363 1659 ius,
375 1624 495 1661 Florus,
509 1625 669 1663 Apuleius,
693 1625 832 1664 Saepius,
850 1626 897 1656 uti
913 1627 1016 1656 noster
1027 1627 1059 1656 in
1074 1626 1186 1656 molam
1202 1627 1331 1664 partem'
1339 1634 1424 1656 usur·

290 1667 379 1704 pant.
395 1665 504 1697 Italico
520 1675 575 1697 nos
589 1667 724 1705 infame,
738 1668 948 1706 famiqerato.
974 1668 1116 1699 Herculis
1138 1667 1276 1698 facinora
1296 1668 1426 1698 narrant

291 1707 453 1743 mithologi
968 1723 976 1728 ·

354 1748 399 1788 (5)
423 1749 548 1787 Hylam
563 1752 798 1788 pereuntem...
819 1750 864 1780 De
887 1749 968 1788 Hyla
988 1750 1227 1781 Thiodamantis
1250 1749 1326 1788 filio,
1348 1749 1424 1781 Her-

289 1790 370 1821 culis
390 1791 505 1821 comite
525 1792 559 1820 in
579 1792 778 1829 expeditione
793 1792 1042 1828 Argonautarum
1066 1792 1103 1822 V.
1120 1793 1303 1830 praesertim
1326 1792 1425 1822 me-

291 1840 370 1869 nvn,
391 1832 469 1864 Fab.
492 1832 574 1864 XIV.
594 1833 630 1863 In
662 1834 728 1863 eius
756 1833 937 1864 memoriam
968 1834 1022 1863 diu
1049 1833 1226 1871 frustraque
1255 1833 1426 1872 conquisiti

291 1882 393 1904 annua
412 1882 501 1904 sacra
522 1874 668 1904 Hercules
691 1875 844 1904 instituit.
867 1874 905 1904 V.
930 1874 1024 1906 Vino.
1047 1875 1117 1905 Ecl.
1141 1875 1195 1915 VI,
1219 1875 1270 1907 43.

353 1915 397 1954 (6)
419 1916 517 1946 Nemo
538 1915 641 1946 Saliis
662 1918 822 1955 cantuque
842 1915 959 1946 domus
979 1917 1134 1948 Pa'uaria.
1157 1916 1235 1948 Salii
1256 1915 1430 1947 asaliondo*

291 1956 403 1987 Martis
424 1957 610 1993 sacerdotes,
634 1958 698 1995 qui,
716 1957 871 1996 praesule
891 1957 967 1988 duce
989 1958 1106 1989 ancilia
1119 1958 1348 1993 custodiebant,
1371 1966 1426 1989 ea-

291 2006 348 2034 que
370 2001 454 2028 certo
468 2000 606 2037 tempore
621 1999 653 2028 in
670 2000 744 2030 urbe
757 1999 911 2029 saltantes
932 2000 965 2029 et
979 2001 1138 2036 gestantes
1151 1999 1433 2031 circumferebant..

290 2039 317 2068 A
337 2040 438 2070 Numa
459 2040 611 2078 Pompilio
627 2041 767 2070 instituti
782 2041 977 2078 eligebantur
992 2050 1029 2071 ex
1044 2041 1151 2072 ordine
1171 2041 1323 2080 patricio:
1345 2048 1423 2078 equo

291 2080 487 2111 Pinariorum
503 2081 626 2112 sami'ia
641 2082 783 2112 Herculis
797 2082 970 2112 sacerdotes
984 2083 1091 2114 selecti
1106 2082 1145 2113 ad
1159 2091 1251 2114 sacra
1267 2082 1433 2124 facienda.)

292 2122 329 2152 V.
351 2123 421 2154 L1v.
443 2123 469 2160 1,
494 2123 552 2160 20;
576 2123 667 2157 Vmo.
689 2125 774 2155 Aen.
797 2123 881 2161 Vl-II,
905 2123 978 2155 270.
