1566 2482
291 169 368 225 222
669 182 823 212 mmm
837 163 1049 214 ‘Pavonum

342 290 591 338 Prosperitate
617 290 744 340 aliqua
771 291 947 341 deprendi
973 303 1094 342 posse,
1130 295 1282 334 secundi

277 350 281 354 '
343 344 415 382 Per
442 342 661 383 documenta
687 345 789 393 boni,
820 347 853 385 si
880 346 958 386 sint
983 346 1120 395 felicia,
1151 360 1244 397 quae
1272 349 1357 398 quis

339 396 568 445 Experiendo
595 399 736 446 probet,
767 400 922 439 cessisse
948 401 1164 449 parentibus
1191 413 1298 441 omne

340 450 501 489 Idolium
529 463 671 500 semper
697 452 867 500 feliciter,
896 454 934 492 et
960 454 1052 502 pede
1079 455 1219 494 dextro.

339 504 544 542 Enumerat
568 504 673 554 longi
701 506 776 544 vim
803 507 998 555 temporis:
1033 508 1169 546 excitat
1194 508 1316 557 ipsam
1370 510 1420 548 80

339 557 512 596 Crinibus
539 558 729 597 albentem
755 559 890 608 niveis,
921 561 958 599 et
985 561 1106 600 fronte
1133 561 1286 610 vietam,

337 610 408 649 Ore
434 614 685 659 reposcentem
713 613 863 661 querulo
891 625 959 652 sua
986 614 1154 661 numina,
1185 616 1354 655 Romam.

337 663 469 702 Libera
497 676 593 711 sum,
623 666 734 704 liceat
758 667 903 715 proprio
930 667 1022 706 mihi
1047 668 1169 706 vivere
1197 680 1310 708 more.

335 717 385 755 Et
412 718 496 766 quis
523 719 607 766 erit,
630 718 693 767 qui
712 719 813 758 mille
840 731 940 759 meos
965 721 1240 769 reprehenderit
1267 726 1417 761 annos?

335 770 418 809 Vno
446 782 574 810 omnes
601 773 671 811 sub
698 773 773 812 sole
802 774 881 821 siti,
911 777 1125 822 vegetamur
1151 776 1277 814 eodem
1365 777 1415 815 85

334 824 444 872 Aere,
474 826 679 864 communis
706 827 851 866 cunctis
877 827 1088 867 viventibus
1115 840 1220 867 aura.

334 877 418 924 Sed,
449 878 512 926 qui
540 879 604 926 sit,
636 880 828 928 qualisque
855 881 970 928 Deus,
1002 881 1147 920 diversa
1174 883 1291 921 secuti

333 932 565 979 Quaerimus,
595 934 705 982 atque
733 934 805 973 viis
830 934 939 982 longe
969 935 1195 975 distantibus
1219 948 1335 974 unum

333 985 437 1023 Imus
465 985 513 1023 ad
532 986 728 1025 occultum.
753 988 848 1026 Suus
875 989 932 1026 est
950 1000 1030 1027 mos
1048 989 1179 1037 cuique
1207 990 1311 1038 genti
1345 989 1412 1037 (1);

333 1039 404 1076 Per
431 1039 527 1087 quod
555 1039 624 1077 iter
651 1052 853 1089 properans
880 1043 941 1079 eat
973 1042 1022 1080 ad
1060 1044 1138 1080 tam
1164 1043 1305 1091 grande
1330 1054 1412 1091 pro-

1100 1094 1273 1146 [fundum
1292 1109 1332 1133 ».
1363 1097 1413 1134 90

276 1144 348 1182 His
376 1146 455 1182 tam
481 1146 707 1194 magnificis,
738 1148 917 1195 tantaque
945 1148 1145 1187 fluentibus
1174 1150 1268 1196 arte,

329 1199 534 1246 Respondit
561 1199 619 1237 vel
647 1200 727 1238 sola
755 1200 878 1247 Fides,
906 1201 1120 1240 doctissima
1147 1202 1303 1249 primum

328 1252 494 1290 Pandere
522 1252 746 1291 vestibulum
773 1265 880 1291 verae
900 1254 948 1292 ad
967 1255 1174 1302 penetralia
1203 1257 1253 1303 (2)
1274 1258 1409 1295 sectae.

327 1305 427 1342 Nam
455 1317 568 1353 quum
596 1306 734 1344 divinis
763 1307 910 1355 agimus
937 1308 981 1345 de
1010 1309 1133 1355 rebus,
1163 1310 1200 1346 et
1225 1309 1347 1356 iilum,
1457 1310 1463 1317 '

326 1358 397 1404 Qui
424 1359 483 1396 vel
509 1358 691 1407 principio
719 1359 851 1406 caruit,
882 1361 940 1399 vel
968 1361 1042 1399 fine
1070 1362 1224 1409 carebit,
1359 1365 1408 1400 95

325 1412 466 1459 Quique
502 1412 594 1450 chao
631 1413 792 1451 anterior
828 1413 953 1461 fuerit,
983 1416 1232 1463 mundumque
1260 1417 1406 1462 crearit,

325 1465 536 1503 Coniectare
564 1466 689 1504 animo
706 1468 975 1514 contendimus,
997 1468 1130 1517 exigua
1157 1470 1215 1507 est
1244 1469 1302 1507 vis

326 1518 492 1556 Humani
519 1518 662 1567 ingenii
691 1521 757 1567 (3),
779 1522 954 1569 tantoque
974 1524 1137 1570 angusta
1160 1522 1298 1560 labori:

323 1572 463 1620 Quippe
491 1572 610 1610 minor
638 1576 787 1620 natura,
817 1574 932 1612 aciem
962 1575 994 1612 si
1022 1576 1210 1613 intendere
1237 1577 1356 1615 tentet

323 1625 471 1672 Acrius,
503 1637 545 1663 ac
573 1628 763 1674 penetrare
791 1627 860 1665 Dei
886 1631 1025 1666 secreta
1053 1628 1227 1677 supremi.
1329 1629 1404 1668 100

329 1736 376 1775 (1)
398 1746 487 1767 nnus
508 1740 555 1768 est
578 1747 644 1768 mos
672 1739 788 1778 cuique
817 1740 918 1777 penti.
954 1739 1004 1770 Ita
1036 1740 1209 1778 legendum.
1233 1740 1269 1772 V.
1291 1741 1406 1772 Contra

269 1778 387 1817 Symm.
410 1778 465 1811 lib.
491 1779 516 1815 Ι,
544 1779 616 1809 236.

330 1820 378 1859 (2)
401 1830 494 1850 verae
514 1821 559 1851 ad
576 1821 762 1862 penetralia
784 1825 895 1854 sectae.
918 1822 997 1853 Vera
1011 1823 1097 1853 secta
1110 1827 1160 1854 ost
1181 1823 1301 1861 Religio
1317 1824 1403 1855 cin-i-

265 1862 435 1891 stianorum
449 1871 455 1896 ;
481 1864 567 1893 secta
588 1871 731 1900 namque,
755 1865 791 1893 ut
811 1864 890 1894 alias
905 1865 1093 1900 monuimus,
1109 1875 1127 1895 a
1141 1865 1272 1896 secando
1286 1866 1404 1897 dicitur

267 1903 304 1932 de
325 1903 442 1939 schola,
466 1903 502 1933 de
524 1904 681 1934 hominum
704 1906 943 1942 congregatione
965 1914 1042 1943 quae
1064 1907 1104 1936 ab
1124 1907 1196 1937 aliis
1218 1909 1402 1941 secernitur,

270 1945 353 1975 Vera
373 1946 423 1975 est
443 1946 618 1983 appositum
641 1949 833 1984 perpetuum,
857 1948 937 1984 quod
958 1948 1151 1979 christianae
1170 1948 1313 1986 religioni
1333 1957 1402 1980 con.

265 1992 365 2024 venit.
389 1993 428 2024 V.
450 1984 582 2021 Ἀποθ.
617 1993 688 2024 Alia¹
708 1993 860 2032 praefatio
881 1995 939 2025 sub
959 1995 1032 2027 init.
1057 1995 1162 2027 adnot.

329 2033 374 2072 (3)
395 2034 517 2073 exiyua
538 2037 587 2064 est
607 2036 657 2066 vis
670 2036 823 2066 Humum·
843 2036 983 2075 inyem‘t‘.
1004 2037 1041 2068 In
1063 2037 1214 2076 Superbia
1228 2038 1398 2074 tumentes,

260 2074 299 2104 ob
319 2075 456 2112 insignes
477 2077 592 2106 mentis
613 2078 811 2115 corporisque
831 2077 931 2114 dotez.
952 2079 1071 2117 scripta
1091 2081 1167 2110 sunt
1186 2087 1265 2118 quae
1290 2079 1396 2118 legun-

262 2118 314 2146 tur
336 2117 369 2145 in
391 2117 552 2148 Pnovznn.
574 2118 672 2155 XXV,
697 2119 736 2149 27
758 2120 791 2149 et
813 2118 886 2151 SAP.
909 2119 966 2156 IX,
993 2120 1046 2152 16.
