1566 2482
197 330 445 394 AVRELll
486 332 830 397 PRVDENTH·
857 309 1201 400 CLEMENTIS

295 448 379 502 IN
400 449 1112 528 ,HAMARTIGEMAMo

562 696 854 736 PRAEFATIO

126 871 276 911 Fratres
303 874 449 922 ephebi,
478 874 599 913 fossor
626 877 662 913 et
689 877 831 923 pastor,
863 876 935 915 duo
964 877 1041 926 (1),

125 926 224 972 Quos
251 927 474 966 feminarum
499 929 622 976 prima
649 930 788 977 primos
815 933 1000 978 procreat,

124 979 272 1019 Sistunt
299 982 349 1019 ad
376 993 481 1019 aram
510 982 554 1020 de
580 983 751 1021 laborum
778 983 963 1022 fructibus

124 1034 201 1073 Deo
227 1036 413 1074 sacranda
441 1047 636 1074 munerum
662 1038 889 1085 primordia:

125 1087 198 1128 Hic
223 1089 442 1128 terrulentis
463 1091 539 1139 (2),
569 1091 633 1129 ille
661 1091 758 1130 vivis
786 1091 972 1141 fungitur.
1248 1095 1270 1130 5

125 1142 300 1182 Certante
327 1145 428 1190 voto,
449 1144 705 1193 discrepantes
724 1146 945 1192 immolant3

124 1196 256 1235 Fetum
282 1197 448 1236 bidentis
467 1197 577 1246 alter,
608 1201 668 1238 ast
696 1200 791 1238 alter
819 1200 961 1239 scrobis
990 1201 1066 1250 (3).

123 1250 223 1289 Deus
250 1251 405 1290 minoris
428 1253 687 1300 comprobavit
713 1253 893 1301 hostiam,

123 1304 266 1343 Reiecit
292 1305 413 1353 illam,
444 1318 556 1355 quam
583 1307 733 1355 paravit
759 1308 956 1356 grandior.

123 1358 205 1396 Vox
230 1370 312 1398 ecce
339 1371 485 1399 summo
512 1360 629 1399 missa
655 1362 840 1409 persultat
866 1363 1026 1400 throno:
1221 1362 1270 1401 10

123 1412 233 1459 Cain,
263 1413 409 1461 quiesce
440 1413 523 1463 (4);
553 1417 715 1463 namque
743 1415 775 1454 si
803 1418 901 1454 recte
930 1417 1079 1464 offeras,

186 1536 201 1548 “
222 1539 258 1567 ln
278 1537 423 1568 Parisina
454 1538 591 1569 Victoris
615 1539 748 1570 Giselini
781 1540 919 1571 editione
950 1541 1083 1579 legitur:
1109 1553 1127 1570 κ
1150 1541 1269 1573 Aurelii

122 1577 284 1609 Prudentii
317 1579 487 1611 Clementis
508 1580 547 1613 V.
571 1581 605 1612 C.
629 1580 904 1628 ζΑμαρτιγὲνειοι,
927 1583 961 1613 id
992 1585 1042 1613 est
1075 1584 1113 1614 de
1142 1584 1270 1622 Origine

122 1628 318 1663 peccatorum
341 1637 371 1657 ».
395 1627 496 1666 Quum
510 1630 616 1658 autem
631 1630 775 1660 nonnulli
796 1630 1018 1661 existimarent
1030 1631 1166 1670 priorem
1181 1631 1269 1668 libri,

119 1666 164 1698 De
185 1670 382 1706 peccatorum
404 1670 675 1709 origino‚partem
691 1671 823 1702 eandem
845 1672 946 1711 ipsam
962 1681 1043 1709 esse,
1062 1681 1141 1710 quae
1158 1674 1270 1703 inscri-

121 1710 209 1740 bitur
222 1710 426 1750 Apotheosis.
445 1711 486 1741 iis
501 1712 620 1743 duabus
636 1713 726 1750 quasi
741 1713 880 1744 eiusdem
894 1714 997 1753 operis
1014 1715 1160 1754 partibus
1175 1723 1270 1745 unam

119 1751 310 1790 eandemque
331 1753 558 1791 praefationem
586 1755 815 1793 praetulerunt,
839 1765 932 1794 quam
956 1765 1013 1787 nos
1041 1757 1115 1787 huic
1142 1757 1269 1788 tantum

120 1793 201 1824 libro
223 1794 471 1833 praeposuimus.

182 1835 229 1874 (1)
252 1835 391 1867 Fratres
410 1837 561 1876 ephebi...
585 1838 661 1870 duo.
686 1838 802 1870 Cuinus
823 1840 858 1870 et
878 1839 968 1871 Abel.

184 1877 229 1916 (2)
250 1878 315 1908 Hic
337 1879 552 1910 terrulentis.-
574 1889 591 1910 e
613 1881 700 1911 terra
721 1882 817 1918 natis,
841 1883 989 1914 terrenis.
1007 1882 1043 1913 In
1059 1880 1146 1928 Περὶ
1164 1880 1266 1928 Στεφ.

51 1926 54 1928 ’
118 1923 160 1959 Χ,
184 1924 247 1955 378
269 1926 404 1956 vidimus
425 1926 606 1957 adverbium
630 1928 815 1964 terrulente,
839 1929 890 1959 vel
911 1929 1116 1962 terrulenter.

184 1966 230 2005 (3)
251 1967 385 1999 scrobis.
407 1967 530 2004 Sci-obs,
554 1971 612 2000 aut
632 1970 764 2007 scrobis,
781 1971 832 2001 bis
854 1980 897 2002 m.
922 1972 956 2002 et
976 1971 1000 2004 f.
1024 1972 1141 2003 cavum
1162 1973 1214 2003 est
1235 1972 1271 2002 in

120 2008 204 2038 terra
227 2007 357 2045 factum,
380 2009 482 2046 fovea,
506 2010 599 2047 fossa,
622 2011 739 2043 sulcus.

186 2049 232 2089 (4)
254 2052 392 2090 quiesce.
415 2051 626 2091 Septuaginta
655 2054 866 2086 Insanum-:s
898 2055 932 2085 in
960 2055 1071 2093 Genes.
1094 2056 1148 2094 IV,
1184 2056 1202 2087 '1
1229 2055 1270 2089 τὸ

120 2096 246 2134 quiesce
261 2098 422 2129 verterunt
442 2096 632 2145 ἠσύχασον.
656 2101 695 2134 V.
711 2101 744 2132 S.
771 2101 903 2132 Avcvsr.
919 2102 967 2131 De
985 2103 1055 2133 Ciu.
1073 2103 1136 2134 Dei
1150 2102 1220 2133 XV,
1237 2105 1269 2137 7.
