1566 2482
395 163 541 191 CONTRA
565 163 760 191 multem
787 163 1001 191 munorum
1023 170 1027 173 ’
1188 153 1266 191 249

180 272 272 311 Arte
299 270 416 318 lovis,
451 271 594 310 fateor:
624 271 714 320 quid
741 271 841 310 enim
868 282 945 310 non
971 271 1045 311 ille¹
1070 273 1265 311 cruentum

181 325 378 364 Tradidit?
395 325 462 363 aut
488 325 579 373 quid
604 325 693 364 mite
711 324 798 373 sibi,
819 325 1053 374 placidumve
1070 325 1265 374 poposcit?

180 379 266 425 Qui,
287 379 374 419 dum
391 378 612 428 praemetuit
629 379 753 418 cultus
772 379 971 418 inolescere
989 379 1146 426 Christi,
1168 377 1264 430 [680

179 433 332 480 Saeviit,
362 443 407 471 ac
434 432 610 470 miserum
637 432 802 471 foedavit
828 432 1014 481 sanguine
1033 433 1210 472 saeclum.

180 486 230 524 Et
258 487 362 533 sunt,-
391 485 457 534 qui
478 485 587 525 nobis
614 486 712 524 bella
738 487 957 534 exprobrare
984 485 1140 525 sinistra

179 540 216 578 N
218 550 266 578 on
284 539 470 587 dubitent,
489 541 684 588 postqnam
699 539 920 588 templorum
939 540 1145 588 sprevimus
1159 552 1260 587 aras3

178 593 460 641 Adfirmentque
487 593 610 642 Libyn
638 593 805 633 Collinae
821 605 844 631 a
872 594 1023 632 cardine
1042 595 1170 642 portae
1184 595 1261 633 685

178 646 434 685 Hannibalem
461 646 564 685 Iovis
595 647 764 695 imperio,
793 647 999 695 Martisque
1028 647 1240 696 repulsum:

177 700 346 739 Victores
373 701 540 739 Senonas
565 701 725 749 Capitoli
753 712 797 739 ex
824 713 908 740 arce
935 701 1101 750 fugatos,

177 753 298 800 Quum
324 764 434 802 super
460 765 480 792 e
507 753 605 792 celso
632 756 844 803 pugnarent
870 754 1027 793 numina
1054 766 1156 793 saxo.

176 807 247 853 Qui
274 806 366 845 mihi
392 807 630 855 praeteritam
662 808 820 855 cladem,
852 810 1064 856 veteresque
1092 809 1236 848 dolores

178 860 379 899 Inculcant
403 860 560 907 iterum3
583 861 736 900 videant
764 873 822 900 me
838 863 1002 910 tempore
1031 863 1155 901 vestro
1184 863 1261 901 690

175 914 259 952 Iam
286 914 341 952 nil
366 914 443 952 tale
469 914 564 963 pati.
594 915 735 954 Nullus
765 927 848 953 mea
875 916 1055 954 barbarus
1088 916 1207 955 hostis

178 968 336 1016 Cuspide
349 967 516 1007 claustra
534 968 679 1016 quatit:
697 980 772 1007 non
791 969 920 1016 armis,
939 971 1054 1015 veste,
1070 970 1258 1018 comisque

174 1021 333 1070 Ignotus
362 1021 434 1070 (1),
464 1024 575 1069 capta
601 1022 741 1070 passim
767 1034 887 1072 vagus
914 1025 1012 1061 errat
1039 1023 1080 1061 in
1107 1022 1222 1071 Vrbe,

173 1074 422 1123 Transalpina
450 1087 568 1114 meam
595 1075 745 1124 rapiens
772 1076 813 1114 in
840 1076 990 1115 vincula
1016 1077 1164 1124 pubem.

174 1128 348 1167 'l‘entavit
375 1128 526 1168 Geticus
553 1140 670 1177 nuper
698 1130 759 1179 (2)
789 1130 907 1168 delere
935 1131 1118 1179 tyrannus
1181 1132 1258 1169 695

174 1181 339 1230 Italiam,
369 1182 490 1231 patrio
516 1182 668 1221 veniens
695 1182 840 1222 iuratus
869 1185 916 1222 ab
944 1184 1043 1223 Istro
1073 1183 1149 1234 (3),
1259 1200 1262 1202 ·

173 1235 256 1274 Has
283 1247 386 1274 arces
413 1247 570 1284 aequare
597 1236 690 1284 solo,
721 1238 828 1276 tecta·
847 1249 959 1276 aurea
986 1238 1147 1276 flammis

171 1289 316 1328 Solvere
335 1289 411 1339 (4),
442 1290 639 1329 mastrucis
666 1302 832 1339 proceres
861 1291 994 1330 vestire
1012 1293 1161 1341 togatos
1181 1291 1256 1343 (5).

184 1401 229 1439 (1)
253 1410 318 1430 non
339 1402 458 1435 armis.
488 1404 582 1438 teste,
605 1403 766 1441 oomn'sque
795 1404 945 1442 Ignotus.
978 1403 1068 1434 Hunc
1100 1404 1203 1436 locum
1225 1405 1257 1434 in

119 1442 197 1473 edit.
220 1443 390 1473 Bodonian.
413 1443 571 1474 Tneouvs
591 1446 698 1475 noster
718 1445 851 1475 enodare
871 1445 930 1476 hoc
951 1446 1040 1476 modo
1055 1446 1256 1483 aggreditur:

122 1495 137 1511 «
162 1483 277 1514 Savaro
298 1484 338 1514 ad
359 1483 461 1522 Epist.
484 1483 528 1523 11,
550 1485 635 1515 Libri
660 1487 675 1515 1
699 1486 819 1516 Sidonii
848 1487 928 1517 hunc
955 1485 1057 1517 locum
1086 1488 1124 1518 de
1145 1487 1257 1518 Gothis

123 1539 137 1550 «
162 1525 401 1563 interpretatur,
424 1527 458 1556 et
485 1527 557 1564 post
576 1535 645 1556 eum
668 1527 806 1564 p'erique
834 1528 999 1558 Prudentii
1028 1529 1256 1567 interpretum:

119 1579 136 1594 «
159 1566 212 1597 sed
234 1567 329 1602 enim,
346 1569 382 1597 ut
403 1572 488 1597 recte
509 1568 649 1598 advertit
662 1569 863 1606 GnAquevs,
881 1570 918 1600 de
938 1570 1038 1600 Gallis
1058 1571 1258 1609 accipiendus

119 1620 135 1635 «
159 1610 229 1644 est;
253 1609 365 1645 quibus
385 1611 419 1639 et
440 1610 551 1646 vectis,
571 1612 605 1640 et
619 1619 720 1646 arma,
736 1612 770 1641 et
783 1620 889 1642 comae
912 1612 1060 1643 Romanis
1074 1612 1255 1645 dissimiles.

122 1663 137 1677 κ
161 1650 306 1680 Anterior
326 1650 409 1680 enim
425 1660 530 1681 versus
544 1651 584 1682 ad
600 1652 819 1690 Hannibalem,
836 1654 900 1692 ipse
915 1662 987 1684 vero
1001 1654 1040 1684 ad
1055 1655 1211 1685 Brennum
1224 1657 1259 1686 et

120 1704 137 1720 α
159 1693 296 1723 Senonas
316 1692 461 1724 refertur.
485 1693 529 1723 De
550 1693 662 1724 Gothis
682 1703 755 1725 mox
767 1706 797 1726 ».

183 1733 230 1772 (2)
260 1734 391 1765 Gaeicus
418 1744 546 1774 nuper.
562 1758 570 1766 .
586 1758 594 1765 .
626 1738 804 1775 tyrannus.
834 1737 995 1767 Alaricum
1025 1738 1256 1776 Visigothorum

120 1776 235 1812 Regem
256 1776 375 1812 tangit,
396 1776 434 1806 de
454 1785 514 1814 quo
535 1775 640 1808 Zosm.
663 1778 699 1810 V.
723 1778 798 1818 Cap.
821 1787 911 1809 xxix.

183 1817 228 1855 (3)
248 1818 363 1857 patrio
377 1841 386 1849 .
403 1840 412 1848 .
427 1841 435 1849 .
459 1818 501 1848 ab
516 1819 613 1849 Istro.
630 1829 689 1850 =:
705 1820 800 1851 Gothi
816 1821 855 1851 ab
870 1823 1009 1852 extremo
1022 1821 1253 1861 septemtrione

120 1870 135 1885 α
159 1858 304 1896 profecti,
326 1859 380 1889 diu
401 1860 434 1890 in
456 1860 553 1891 Dacia
574 1861 664 1891 iuxta
683 1860 812 1899 Istrum,
836 1872 914 1900 quae
928 1863 1002 1893 inde
1015 1872 1128 1894 novum
1145 1872 1255 1894 nomen

119 1911 135 1927 κ
160 1900 294 1930 Gothiae
315 1901 501 1939 accipiebat,
524 1902 628 1933 sedem
649 1903 785 1935 habuere
807 1915 838 1934 ιο.
861 1905 990 1936 enims-r.
1013 1905 1200 1937 CaLLAmvs.

182 1942 228 1980 (4)
250 1945 330 1972 tecta
351 1952 455 1974 aurea
476 1944 613 1976 Solvere.
635 1945 746 1976 Smon.
770 1947 886 1977 Aron„
902 1947 987 1976 dixit
1000 1947 1101 1978 Carni.
1118 1947 1160 1978 V:
1174 1957 1192 1975 «
1205 1955 1255 1977 ca·

118 1984 235 2021 pitolia
256 1983 342 2014 fulva
364 1995 394 2015 ».

181 2025 228 2064 (5)
250 2028 431 2057 mastrucis
444 2036 595 2065 proceres
623 2029 740 2059 vestire
761 2032 895 2069 toqatos.
919 2030 1089 2066 Mastruca,
1112 2031 1169 2060 aut
1190 2039 1256 2060 ma-

116 2069 226 2104 struga
246 2069 412 2106 peregrina
432 2077 492 2099 vox
506 2070 556 2099 est
575 2071 700 2108 propria
720 2071 922 2105 Phoenicum.
939 2072 1019 2101 unde
1032 2073 1183 2108 originem
1199 2072 1254 2102 ha·

118 2109 252 2139 buerunt
272 2109 547 2148 Chartaginieuses
560 2113 593 2141 et
614 2111 718 2143 Sardi.
735 2114 838 2144 Genus
859 2113 984 2151 quidem
1006 2115 1103 2144 vestis
1125 2114 1254 2145 villosae
