1566 2482
572 155 795 189 Aromnosts
894 138 903 146 “
1187 116 1190 118 v
1203 145 1255 186 59

107 277 195 315 Non
222 275 394 325 genitus:
417 285 646 323 quocumque
664 273 773 312 modo
791 273 842 312 sit
860 272 982 312 factus
999 272 1076 323 (1),
1097 273 1138 311 id
1151 285 1251 313 unus
1301 295 1309 302 -

0 314 1 336 ᾖ
55 330 60 344 ³
107 331 185 370 Scit
211 330 330 368 factor
356 328 560 367 Dominus:
591 327 731 367 factum
757 326 851 366 mihi
877 327 1022 366 credere
1050 329 1112 366 sat
1139 327 1203 367 sit.

106 383 213 423 Solus
239 383 323 422 labe
350 383 452 421 caret
476 381 620 431 peccati
644 381 824 420 ‘Conditor
851 381 966 428 orbis,

105 437 320 486 Ingenitus,
331 436 552 486 genitusque
567 437 682 483 Deus,
694 436 822 483 Pater,
834 436 872 474 et
885 436 997 474 Patre
1012 436 1141 483 natus,
1172 434 1248 473 895

108 491 216 530 Solus
244 492 295 538 et,
325 491 498 538 exceptus
527 490 750 529 tormentum
777 489 970 527 admittere
997 488 1121 536 triste,

106 544 318 584 Inviolatus
345 544 441 593 agit,
471 555 540 582 nec
566 543 770 592 quidquam
797 543 913 582 sentit
939 542 1077 581 acerbi.
1093 543 1107 548 “

68 612 70 614 ·
105 599 301 639 Exsortem
329 597 388 637 dic
415 609 495 636 esse
522 597 688 636 animam
714 596 834 636 crucis
862 597 988 657 atque
1000 595 1151 643 doloris,

106 652 144 690 Si
171 652 301 700 culpae
329 651 546 699 immunem,
576 662 806 699 vacuamque
834 662 858 688 a
884 649 1038 689 crimine
1066 649 1166 688 nosti

104 706 205 753 Quae
221 717 382 766 peccare
399 705 519 753 valet,
535 705 636 752 valet
652 706 690 743 et
706 704 942 748 succumbere
959 715 1113 752 poenae.
1171 702 1249 741 900

104 760 195 808 Ipsa
222 758 370 808 quidem
397 759 541 797 sincera
560 748 654 806 fuit,
686 759 774 797 dum
799 757 972 797 conditur
1000 757 1103 805 olim,

104 814 205 859 Quae
231 813 381 851 conlata
406 812 535 851 rudem
561 812 651 851 fecit
676 811 854 851 viviscere
879 811 1031 850 limum:

102 867 239 915 Utpote
267 867 312 905 de
338 866 481 915 liquido
509 867 665 904 naturae
693 865 835 904 semine
862 865 1002 914 primos

102 920 300 968 Accipiens
328 919 494 967 habitus,
524 931 727 968 superoque
754 931 927 968 expressa
955 929 1097 958 sereno.

103 974 175 1012 Sed
200 985 298 1021 mox,
328 974 372 1012 ut
398 973 554 1022 gravido
581 973 684 1012 iussa
711 974 770 1011 est
795 972 977 1011 innectier
1004 984 1106 1019 arvo,
1170 972 1246 1010 905

103 1027 287 1066 Suavibus
314 1027 498 1066 illecebris
527 1027 684 1065 nimium
710 1026 882 1065 blandita
909 1025 1068 1074 refrixit,

103 1082 229 1129 Deque
256 1080 462 1119 volutabris
489 1081 691 1129 pretiosum
719 1080 854 1128 polluit
880 1080 1022 1129 ignem,

102 1135 202 1173 Dum
227 1135 464 1183 transgressa
491 1134 561 1172 Dei
586 1135 748 1183 positum
775 1134 834 1172 fas
861 1134 1028 1182 improba
1055 1133 1190 1172 calcat.

104 1188 206 1227 Haec
233 1188 353 1237 prima
380 1189 438 1227 est
464 1189 600 1226 natura
627 1188 797 1226 animae:
830 1187 884 1226 sic
910 1187 1062 1226 condita
1090 1187 1247 1235 simplex

102 1241 250 1280 Decidit
275 1242 316 1280 in
344 1242 479 1282 vitium
505 1253 570 1290 per
597 1242 746 1280 sordida
773 1241 922 1280 foedera
949 1241 1090 1280 carnis.
1167 1240 1246 1279 910

101 1295 200 1333 Exin
226 1295 347 1334 tincta
374 1295 472 1334 malo
499 1295 709 1344 peccamine
736 1295 917 1344 principis
945 1295 1066 1342 Adae,

101 1348 240 1388 Infecit
266 1361 386 1398 genus
413 1361 518 1389 omne
545 1349 753 1397 hominum,
774 1350 873 1398 quod
889 1349 1052 1397 pullulat
1078 1349 1189 1387 inde:

100 1403 151 1441 Et
176 1404 278 1441 tenet
304 1402 496 1452 ingenitas
525 1403 734 1442 animarum
761 1403 925 1442 infantia
952 1403 993 1441 in
1021 1403 1104 1441 ortu

101 1455 219 1495 Primi
248 1456 411 1497 hominis
443 1458 625 1506 maculas,
655 1469 723 1496 nec
757 1457 956 1506 quisquam
990 1455 1243 1562 1131301101(ἒῖ-

1052 1522 1140 1549 sons
1235 1540 1243 1548 .

101 1600 196 1631 creati
207 1600 298 1637 sunt3
312 1608 416 1630 eorum
427 1609 549 1639 corpus,
558 1601 595 1631 ut
607 1601 787 1636 humanum,
798 1601 996 1639 compactum
1011 1608 1072 1630 non
1083 1600 1134 1630 est
1145 1599 1245 1639 veluti

101 1644 216 1674 crates.
246 1642 284 1674 V.
307 1639 460 1689 Καθημ.
475 1643 583 1681 hymn.
597 1642 680 1679 VIII,
697 1643 749 1674 59.
774 1659 811 1665 —
837 1643 949 1681 peccat
970 1643 1076 1672 autem
1091 1641 1242 1679 Angelus,

0 1676 1 1679 Ἴ
58 1692 60 1694 ’
101 1690 183 1728 quod
197 1690 264 1729 ipse
278 1689 392 1727 factus,
405 1699 466 1720 non
476 1690 602 1727 genitus
613 1690 672 1721 est.
685 1689 820 1727 QuareS.
837 1689 1009 1722 Avcvsrnv.
1022 1690 1067 1720 De
1081 1689 1177 1721 civit.
1188 1688 1245 1719 Dei

100 1731 172 1768 XII,
185 1741 213 1764 0.
230 1731 261 1764 6.
275 1742 294 1761 «
308 1731 375 1762 Hoc
397 1732 463 1762 scio
484 1733 630 1762 naturam
656 1731 707 1762 Dei
730 1740 914 1769 numquam,
937 1740 1089 1769 nusquam
1100 1731 1187 1762 nulla
1202 1739 1242 1761 ex

99 1776 283 1814 parteposse
294 1773 436 1810 deficere,
449 1775 483 1804 et
493 1782 531 1804 ea
542 1782 631 1812 posse
638 1773 766 1804 deficere
782 1781 861 1811 quae
874 1782 913 1804 ex
926 1772 1025 1804 nihilo
1040 1774 1125 1804 facta
1135 1774 1243 1804 sunt.»

143 1815 189 1855 (1)
220 1824 420 1855 quocumque
447 1815 539 1846 modo
565 1816 613 1846 sit
633 1816 754 1854 factus.
778 1815 942 1846 Prudentii
969 1816 1076 1846 aetate
1100 1816 1134 1845 et
1156 1815 1245 1846 inse-

101 1857 269 1895 quentibus
294 1857 486 1896 temporibus
507 1858 545 1888 de
566 1857 757 1895 Angelorum
786 1858 900 1888 natura
926 1866 1032 1888 sacrae
1058 1856 1243 1894 Theologiae

99 1900 270 1938 prudentes
291 1900 324 1930 in
346 1901 450 1930 varias
478 1899 609 1931 abibant
629 1899 819 1936 sententiam
843 1902 938 1937 atque
958 1900 991 1930 in
1011 1903 1135 1938 tempus
1155 1907 1244 1938 prae-

100 1941 213 1972 sertim
235 1941 450 1987 inquirebant,
467 1949 527 1978 quo
547 1949 586 1972 ex
607 1941 707 1972 nihilo
727 1941 806 1972 facti
829 1941 940 1979 Angeli
955 1942 1034 1971 sint.
1049 1941 1114 1972 Cfr.
1130 1940 1163 1972 S.
1179 1940 1244 1971 Av-

100 1990 190 2014 evsr.
211 1974 352 2014 Ειιώίν.
374 1982 408 2015 C.
426 1983 510 2013 LIX.
528 1983 606 2014 Vide
619 1983 663 2014 sis
684 1984 728 2016 et.
746 1983 779 2015 S.
796 1983 960 2016 Bsmum).
976 1983 1180 2014 Considerate.
1197 1982 1242 2012 ad

98 2025 186 2064 Pap.
208 2024 337 2063 Euqen.
360 2024 394 2056 C.
417 2024 472 2062 IV,
490 2025 524 2056 et
545 2024 645 2056 Serm.
663 2025 742 2055 Vin
766 2024 863 2056 Cant.

143 2065 190 2105 (2)
211 2075 269 2097 nec
289 2067 466 2106 quiequam
485 2067 640 2098 nascitur
659 2067 786 2098 insons.
804 2067 840 2099 V.
866 2075 943 2105 quae
964 2066 1062 2098 habet
1082 2067 1116 2098 in
1137 2066 1242 2098 Sacris

98 2108 234 2140 Litteris
248 2108 281 2142 S.
301 2108 393 2141 Ionvs
404 2108 491 2148 xlv,
504 2109 536 2143 4.
550 2104 766 2140 -ssvdtandus
790 2111 899 2140 tamen
920 2118 1029 2141 error.
1051 2109 1096 2142 De
1118 2110 1242 2141 animae
