1566 2482
8 1769 31 1981 awa-..em

563 155 864 229 'rsrcqumA
953 170 956 172 '
1093 160 1096 161 ⁷
1215 169 1291 214 161
1306 159 1310 161 ’

132 303 139 314 ”
153 293 225 342 Qui
251 291 371 332 sociat
395 290 552 330 mortale
579 289 698 342 Patri,
724 302 772 329 ne
799 302 937 331 carnea
964 290 1107 331 distent

153 346 308 396 Spiritui
327 346 513 392 Aeterno,
534 344 656 392 sitque
683 345 727 383 ut
754 345 855 384 Deus
881 356 980 383 unus
1007 346 1226 396 utrumque3

153 401 228 448 Sic,
258 398 439 450 quidquid
465 398 629 447 gerimus
655 398 862 447 mentisque
889 401 928 436 et
953 399 1116 448 corporis
1143 402 1245 450 actu,

153 454 313 504 Spiritus
339 452 527 492 unimodis
556 451 616 502 (1)
635 453 740 490 texat
757 452 998 502 compagibus
1024 464 1138 501 unus,

152 509 237 547 Pax
249 507 324 557 (2),
335 506 489 555 planum
503 505 654 544 virtutis
663 512 769 554 opus:
781 517 856 555 pax
865 518 1010 544 summa
1018 506 1201 546 laborum:
1215 507 1238 547 7
1242 508 1265 547 7
1267 508 1292 547 0

153 563 233 601 Pax
258 560 348 600 belli
374 559 495 598 exacti
512 559 674 608 pretium
705 561 776 606 est,
806 560 1038 609 pretiumque
1066 561 1235 609 periculi.

152 616 280 654 Sidera
306 625 410 663 pace⁴
423 613 573 662 vigent3
604 613 815 652 consistunt
841 615 961 652 terrea
987 625 1092 662 pace.

152 669 219 708 Nil
246 667 426 717 placitum
454 667 534 706 sine
562 679 652 716 pace
682 667 781 705 Deo:
812 675 899 711 non
914 679 1050 707 munus
1078 669 1126 707 ad
1154 681 1261 708 aram

152 723 272 770 Quum
286 722 428 770 cupias
456 721 583 760 offerre
612 720 698 771 (3),
729 721 874 769 probet,
902 721 936 761 si
961 722 1112 761 turbida
1138 722 1292 763 fratrem

151 777 261 815 Mens
287 775 465 824 impacati
493 775 563 813 sub
589 774 749 823 pectoris
778 775 896 813 oderit
923 777 1046 822 antr03
1214 777 1289 816 775

140 827 247 875 Neo,
279 829 312 868 si
339 827 573 866 flammicolis
603 828 741 867 Christi
767 839 834 876 pro
862 829 1013 867 nomine
1041 829 1186 879 Martyr

151 883 312 932 Ignibus
337 882 499 928 insilias,
530 893 684 920 servans
712 881 913 921 inamabile
941 885 1069 923 votum

150 937 233 976 Bile
261 937 331 975 sub
358 935 523 984 obliqua,
553 935 752 983 pretiosam
779 935 943 983 proderit
969 937 1059 975 Insv

150 990 382 1038 Impendisse
407 989 594 1035 animam3
624 988 748 1027 meriti
775 989 863 1037 quia
891 988 1060 1028 clausula
1086 1002 1162 1038 pax
1188 992 1260 1031 est.

80 1078 84 1083 .
149 1044 237 1082 Non
264 1043 397 1081 inflata
423 1044 556 1089 tumet,
586 1053 662 1081 non
688 1042 832 1081 invidet
858 1043 1004 1082 aemula
1031 1044 1159 1082 fratri:
1213 1045 1288 1084 780

148 1098 364 1144 Numquam
391 1096 495 1135 laesa
525 1096 636 1142 dolet,
664 1098 800 1134 cuncta
828 1097 1054 1136 offensacula
1082 1098 1207 1137 donat.

149 1151 330 1190 Occasum
357 1150 453 1189 lucis
482 1150 541 1200 (4)
569 1149 680 1188 venia
707 1161 917 1198 precurrere
943 1151 1072 1200 gestit,

149 1204 288 1250 Anxia,
319 1216 365 1242 ne
394 1205 565 1243 stabilem
593 1203 742 1252 linquat
769 1204 824 1243 sol
844 1204 1014 1243 conscius
1042 1205 1152 1245 iram.

148 1258 309 1306 Quisque
339 1257 448 1296 litare
477 1259 554 1296 Deo
582 1257 756 1295 mactatis
781 1258 864 1296 vult
890 1258 1133 1306 holocaustis,
1211 1260 1286 1299 785

148 1311 288 1350 Offerat
315 1310 354 1348 in
382 1311 512 1362 primis
540 1322 689 1359 pacem:
720 1311 827 1349 nulla
854 1312 977 1350 hostia
1005 1312 1153 1351 Christo

148 1363 321 1402 Dulcior:
353 1364 422 1403 hoc
450 1365 528 1404 solo
554 1366 687 1403 sancta
715 1365 763 1402 ad
791 1363 945 1404 donaria
971 1366 1116 1404 vultum
1168 1396 1189 1415 ,-

146 1418 300 1456 Munere
327 1420 560 1465 convertens,
589 1417 730 1467 liquido
758 1418 964 1458 oblectatur
990 1420 1113 1458 odore.

147 1471 218 1509 Sed
243 1471 369 1509 tamen
396 1473 433 1509 et
459 1471 579 1511 niveis
605 1471 723 1510 tradit
749 1472 850 1511 Deus
876 1473 954 1522 ipse
982 1473 1161 1513 columbis

149 1525 353 1563 Pinnatum
378 1526 506 1563 tenera
532 1525 742 1574 plumarum
769 1527 871 1564 veste
898 1526 1090 1566 colubrum
1119 1529 1178 1577 (5)
1210 1529 1286 1568 790

212 1679 258 1719 (1)
281 1680 460 1715 unimodis,
484 1680 576 1710 unius
603 1679 700 1716 modi,
728 1688 783 1711 seu
810 1680 939 1712 formae.
963 1682 1073 1712 Vocem
1096 1682 1286 1715 adiectivnm

145 1722 340 1760 isusurpavit
360 1722 457 1752 Apu.
481 1722 515 1752 in
536 1723 655 1761 Doqm.
678 1722 809 1754 Platon.

212 1775 257 1814 (2)
274 1775 360 1805 Pax.
369 1775 508 1814 plenum
527 1776 661 1807 vir-tutte
679 1786 772 1815 opus.
786 1776 830 1807 Et
844 1786 963 1815 pacem,
982 1785 1088 1808 vocem
1106 1779 1198 1810 notat
1219 1787 1284 1810 esse

147 1816 324 1847 istiusmodi
340 1817 369 1847 S.
383 1817 569 1848 Auroumvs
584 1818 792 1850 Florentinor.
804 1819 1074 1858 Archiepiscopus.
1088 1829 1166 1858 quae
1181 1821 1284 1852 tribus

144 1858 262 1889 litteris
276 1859 444 1894 confletur-3
459 1859 586 1896 sintque
610 1860 648 1897 P,
664 1860 702 1896 A,
725 1860 768 1898 X,
792 1869 812 1891 a
833 1861 946 1898 quibus
966 1862 1032 1892 tria
1053 1863 1181 1893 nomina
1202 1863 1285 1893 inci-

144 1900 238 1939 piunt
259 1899 366 1931 SSHAE
387 1901 594 1935 Timum-ns:
618 1902 743 1933 scilicet
764 1903 870 1939 Pater,
895 1902 1002 1939 Amor,
1027 1903 1184 1934 Christus.

207 1947 253 1986 (3)
277 1947 387 1984 Quum
407 1949 524 1987 cupias
545 1950 672 1988 offer-re.
698 1950 734 1982 V.
757 1950 884 1981 Mum.
908 1951 947 1988 V,
970 1951 1022 1983 23.

210 1989 255 2028 (4)
279 1990 435 2020 occasum
460 1991 553 2022 lucie.
580 1991 615 2021 V.
640 1991 672 2023 S.
696 1992 794 2023 PAvr„
811 1992 866 2023 Aa
886 1993 1005 2032 Ephe-3.
1030 1993 1084 2030 IV,
1107 1993 1160 2025 26.

208 2031 253 2069 (5)
274 2031 500 2063 Pinnatum...
521 2031 700 2065 colubrum.
723 2033 769 2065 Ut
780 2034 929 2065 columbis
941 2034 1081 2065 candidis
1097 2035 1280 2066 adsimilati-

141 2074 196 2103 tur
226 2072 400 2104 Christiani
415 2097 423 2111 ,
457 2074 506 2105 ita
540 2074 683 2106 colubris
707 2076 864 2116 pinnatis
885 2077 1066 2114 daemones,
1092 2078 1206 2115 quiquo
1229 2086 1280 2109 eos

141 2117 325 2154 sequuntur.

223 2192 262 2225 Ἀ.
283 2192 461 2224 annum
485 2193 601 2234 Opera.
1022 2210 1027 2214 ·
1159 2193 1177 2223 1'
1191 2193 1204 2223 1
