1566 2482
914 47 1004 66 ,'‘},¹
1035 44 1090 70 -3'
1123 54 1129 63 A
1152 43 1231 65 '‘kt-11⁴*
1266 60 1270 65 ¹
1372 59 1378 67 L

938 71 939 74 ,
968 67 1037 85 ’.Α
1066 66 1098 77 *-
1151 71 1161 84 ἡ
1185 69 1199 83 g
1242 66 1346 95 ,ὴν-ι
1377 71 1407 87 ,υ
1444 77 1445 80 ¹

311 173 388 212 280
690 178 842 210 Avitum
869 158 1075 209 Parnssnmt

363 291 632 333 Restituendus
646 291 726 329 erat
752 289 936 336 mihimet,
953 288 1159 327 submissus
1186 287 1228 326 in
1242 287 1348 326 illum
1365 288 1443 326 265

366 346 525 395 Spiritus
552 344 632 392 ipse
660 355 763 382 meus
792 342 995 390 descendit,
1025 342 1062 380 et
1089 341 1189 380 edita
1214 341 1305 380 limo

365 401 519 439 Viscera
546 396 685 436 divinis
715 397 766 445 (1)
796 396 998 435 virtutibus
1025 395 1255 442 informavit,

366 455 520 502 Iamque
540 451 729 491 hominem
757 451 970 489 adsumtum
989 461 1157 488 summus
1185 450 1285 487 Deus
1312 448 1352 486 in
1370 448 1445 486 dei—

799 508 804 512 ”
1319 500 1450 553 [tatem

368 558 589 607 Transtulit,
611 569 654 597 ac
673 559 798 597 nostro
818 556 941 595 docuit
958 556 1177 595 recalescere
1196 555 1312 594 cultu.
1557 566 1566 584 ⁴

316 615 415 655 Scire
442 613 569 660 velim,
599 613 797 660 praecepta
816 610 941 649 Patris
960 610 1092 658 quibus
1111 609 1263 647 auribus
1289 609 1380 647 haec
1407 610 1449 646 tu

370 667 560 715 Accipias,
586 666 711 704 'Italae
738 675 867 703 censor
894 664 1105 702 doctissime
1132 663 1269 711 gentis.

371 724 435 761 An
461 722 619 758 veterem
646 720 796 757 tantum
824 728 959 756 morem
991 718 1041 765 (2)
1071 717 1214 755 ratione
1241 715 1372 754 relicta

370 774 525 822 Eligis?
553 774 590 811 et
618 773 690 811 dici
716 772 858 820 patitur
884 771 1066 819 sapientis
1093 781 1262 816 acumen,

372 827 646 876 Ingeniumque
673 826 771 864 viri?
799 824 918 873 potior
945 824 1038 862 mihi
1064 823 1244 872 pristinus
1272 823 1329 861 est
1355 833 1450 867 mos,

373 883 491 929 Quam
507 880 570 920 via
589 878 768 926 iustitiae,
799 878 919 926 pietas
939 889 1049 926 quam
1067 877 1216 925 prodita
1241 876 1355 923 caelo,
1375 876 1452 914 275

359 933 565 982 ‘Quamque
593 933 685 971 fides
712 933 804 979 veri,
835 933 955 970 rectae
982 942 1094 980 quam
1120 930 1250 979 regula
1277 931 1411 968 sectae.

320 990 373 1037 Si,
405 987 585 1037 quidquid
612 986 766 1025 rudibus
793 985 923 1023 mundi
950 984 1142 1023 nascentis
1169 984 1210 1022 in
1238 983 1349 1022 annis

379 1043 476 1089 Mos,
507 1040 653 1086 habuit,
683 1041 811 1078 sancte
830 1039 947 1078 colere
966 1050 1009 1076 ac
1037 1050 1182 1076 servare
1201 1048 1348 1075 necesse
1376 1037 1452 1081 est3

376 1098 494 1136 Omne
520 1094 754 1132 revolvamus
782 1104 849 1131 sua
876 1104 940 1140 per
967 1091 1126 1140 vestigia
1153 1091 1317 1130 saeclum

376 1151 502 1197 Vsque
531 1148 578 1185 ad
605 1146 852 1195 principium:
883 1146 1030 1193 placeat
1057 1145 1235 1182 damnare
1268 1143 1454 1192 gradatim

376 1201 564 1249 Quidquid
590 1200 773 1248 posterius
800 1209 989 1237 successor
1014 1198 1150 1246 reperit
1175 1209 1281 1236 usus.

380 1256 475 1295 Orbe
502 1265 613 1301 novo,
644 1253 740 1292 nulli
768 1252 992 1301 subigebant
1012 1253 1062 1300 (3)
1093 1263 1184 1290 arva
1211 1250 1347 1290 coloni.

378 1309 475 1356 Quid
494 1307 566 1346 sibi
585 1309 711 1345 aratra
729 1306 891 1344 volunt?
910 1305 999 1354 quid
1017 1317 1105 1343 cura
1124 1304 1311 1353 superflua
1328 1303 1458 1342 rastri?

380 1361 519 1410 Ilignis
546 1360 679 1399 melius
708 1361 896 1398 saturatur
924 1358 1127 1407 glandibus
1153 1358 1275 1396 alvus.

380 1416 496 1454 Primi
510 1414 678 1453 homines
691 1413 817 1453 cuneis
837 1413 1057 1452 scindebant
1071 1411 1186 1451 fissile
1200 1411 1346 1460 lignum
1367 1412 1442 1459 (4):

381 1470 571 1517 Decoquat
589 1468 629 1506 in
648 1478 811 1506 massam
829 1466 977 1505 fervens
1005 1466 1179 1504 strictura
1199 1477 1343 1504 secures

382 1524 540 1569 Rursus,
571 1523 608 1559 et
634 1521 682 1559 ad
709 1521 896 1569 proprium
914 1519 1071 1558 restillet
1098 1531 1193 1557 vena
1219 1518 1424 1556 metallum.

381 1576 564 1614 Induvias
591 1586 719 1613 caesae
748 1574 920 1622 pecudes,
950 1574 986 1611 et
1022 1572 1161 1621 frigida
1191 1583 1328 1620 parvas

382 1629 588 1667 Praebebat
615 1628 791 1676 spelunca
820 1627 970 1666 domos:
1002 1627 1198 1665 redeamus
1227 1625 1276 1663 ad
1303 1625 1433 1668 antra,

384 1682 550 1720 Pellibus
578 1681 715 1720 insutis
743 1681 860 1719 hirtos
880 1691 1069 1719 sumamus
1098 1679 1275 1717 amictus.
1385 1678 1462 1715 290

363 1737 573 1789 ,Ιιῐιῐηειῃθε
601 1735 787 1783 quondam
815 1734 955 1782 populi,
986 1733 1130 1772 feritate
1158 1732 1314 1771 subacta

396 1871 444 1911 (1)
473 1871 603 1902 Viscera
625 1871 748 1902 divinis
761 1893 770 1901 .
789 1893 796 1900 .
813 1895 821 1902 .
845 1878 952 1900 versus
973 1869 1168 1908 spondaicus.

396 1914 441 1952 (2)
462 1915 518 1944 An
550 1915 687 1943 veterem
709 1915 842 1943 tantum
873 1921 1007 1948 morem,
1028 1911 1157 1941 ratione
1178 1909 1307 1945 relicta,
1330 1908 1466 1947 E'Hyie?

333 1956 364 1987 S.
388 1955 565 1986 Cvpnmuvs
593 1954 650 1994 Ep.
676 1954 715 1984 ad
748 1953 944 1991 Pompeium:
981 1964 998 1981 κ
1020 1951 1214 1984 Consuetudo
1235 1952 1304 1981 sine
1332 1951 1466 1981 veritate

334 1998 477 2027 vetustas
505 1997 620 2027 erroris
641 1998 692 2026 est
714 2007 744 2027 ».
767 1995 826 2027 Sed
847 1995 970 2025 consule
993 1994 1024 2025 S.
1048 1994 1204 2024 Ammosn
1225 1993 1321 2032 Resp.
1342 1995 1360 2027 ἓ
1381 1992 1434 2023 25.

397 2038 442 2078 (3)
465 2039 537 2068 orbe
558 2047 638 2068 novo
659 2038 746 2067 nulli
767 2036 961 2075 subi-evehant
974 2060 981 2067 .
999 2058 1006 2066 .
1024 2059 1031 2066 .
1054 2036 1186 2066 Auream
1208 2036 1343 2065 aetutem
1358 2033 1465 2068 habes,

334 2079 372 2110 de
394 2088 454 2116 qua
474 2080 569 2111 Vmo.
591 2080 708 2118 Geory.
730 2079 757 2117 1,
783 2079 854 2109 125.

399 2121 445 2160 (4)
468 2121 572 2159 fissile
595 2122 738 2160 lignum.
761 2120 800 2152 V.
823 2120 914 2151 Vmo.
941 2119 1054 2158 θεον-9.
1069 2118 1097 2155 1,
1123 2117 1196 2150 144.
