1566 2482
516 199 519 203 .
563 143 851 205 memnonia
866 180 868 182 ’
1202 163 1284 206 157

149 238 240 245 -—

132 286 294 327 Liminis
319 285 518 327 introitum
543 285 655 325 bifori
682 286 778 325 dant
802 285 955 325 cardine
981 284 1163 328 claustra.
1216 290 1220 293 ’
1283 293 1290 294 ’

133 340 314 380 Nascitur
340 340 402 380 hic
427 340 585 389 inopina
611 340 703 381 mali
729 339 975 379 lacrimabilis
1001 340 1088 378 astu

132 395 368 444 Tempestas,
395 393 567 443 placidae
594 394 782 433 turbatrix
808 393 939 433 invida
965 393 1094 440 Pacis,

133 450 234 497 Quae
261 450 412 509 tantum
438 448 566 488 subita
591 449 744 488 vexaret
769 448 875 487 clade
902 447 1152 498 triumphum.
1206 447 1283 486 670

660 610 740 649 VII

214 700 544 748 CONCORDIAE
572 701 635 740 ET
663 701 974 741 DISCORDIAE
1007 701 1185 741 PVGNA

134 810 240 848 Inter
267 807 453 847 confertos
481 818 618 846 cuneos
646 807 853 846 Concordia
879 807 974 846 forte

135 863 234 901 Dum
260 861 404 910 stipata
430 862 560 910 pedem
587 861 663 900 iam
690 861 783 900 tutis
810 861 1003 901 moenibus
1030 861 1161 909 infert,

134 915 285 964 Excipit
311 915 498 954 occultum
525 915 610 954 vitii
634 914 828 954 latitantis
857 914 915 965 (1)
943 916 992 954 ab
1020 915 1098 954 ictu

134 968 351 1008 Macronem
377 969 486 1007 laevo
513 969 554 1007 in
581 969 697 1007 latere
727 970 802 1018 (2),
832 969 1048 1018 squalentia
1075 970 1249 1019 quamvis

133 1024 251 1070 Texta
277 1024 452 1062 catenato
479 1022 569 1061 ferri
597 1022 804 1062 subtemine
833 1034 967 1071 corpus
1205 1024 1283 1063 675

7 1076 11 1081 '
79 1102 82 1105 -
134 1077 348 1124 Ambirent,
378 1076 476 1116 sutis
503 1077 540 1115 et
567 1088 724 1115 acumen
751 1076 918 1115 vulneris
946 1076 1070 1116 hamis

134 1132 381 1180 Respuerent‚
410 1130 546 1180 rigidis
574 1142 642 1169 nec
670 1131 736 1170 fila
762 1130 912 1169 tenacia
939 1131 1050 1169 nodis

136 1186 347 1234 Impactum
374 1184 542 1223 sinerent
568 1186 762 1233 penetrare
790 1184 831 1223 in
858 1183 1003 1223 viscera
1029 1185 1160 1223 telum.

137 1240 237 1278 Rara
262 1240 391 1277 tamen
418 1239 612 1287 chalybem
638 1238 743 1278 tenui
770 1239 1025 1277 transmittere
1052 1240 1190 1287 puncto

137 1292 388 1332 commissura
417 1293 532 1340 dedit,
563 1304 637 1341 qua
663 1304 746 1331 sese
772 1294 937 1332 extrema
963 1292 1100 1341 politae
1206 1293 1283 1331 680

136 1348 299 1395 Squama
323 1346 421 1395 ligat
446 1323 612 1393 tunicae,
643 1347 751 1385 sinus
778 1348 816 1385 et
843 1346 915 1385 sibi
943 1346 1106 1385 conserit
1134 1358 1234 1400 oras.

137 1397 276 1439 Intulit
303 1400 372 1439 hoc
400 1400 537 1438 vulnus
564 1400 771 1449 pugnatrix
799 1400 955 1439 subdola
982 1400 1103 1439 victae

138 1454 278 1500 Partis,
309 1455 346 1492 et
373 1453 536 1492 incautis
564 1454 768 1493 victoribus
794 1454 976 1493 insidiata
1004 1456 1072 1493 est.

138 1509 254 1554 Nam,
284 1507 394 1555 pulsa
420 1507 614 1555 culparum
641 1507 735 1554 acie,
764 1507 959 1546 Discordia
987 1509 1135 1546 nostros

138 1562 308 1600 Intrarat
334 1572 486 1607 cuneos,
517 1561 657 1600 sociam
685 1561 844 1599 mentita
871 1562 1048 1610 figuram.
1184 1562 1283 1600 ‘685

137 1615 261 1654 Scissa
288 1615 415 1663 procul
438 1615 541 1664 palla
556 1614 630 1666 (3),
648 1616 831 1654 structum
849 1617 886 1654 et
904 1616 1074 1671 serpente
1094 1615 1285 1664 flagellum

138 1709 393 1745 numerabantur,
417 1717 548 1747 quarum
573 1708 607 1740 1²
629 1710 792 1741 Praetoria
813 1709 896 1740 hosti
926 1710 1107 1748 plerumque
1134 1710 1281 1743 obversa:

139 1749 176 1781 2⁸
198 1752 375 1782 Decumana
390 1752 429 1782 ab
444 1751 532 1783 hoste
546 1761 674 1788 aversa3
698 1751 735 1783 3³
756 1753 789 1783 et
809 1751 846 1783 4³
862 1761 881 1782 a
895 1752 1046 1782 lateribus
1068 1752 1147 1783 duae
1176 1754 1285 1791 portae

138 1794 302 1831 patebant,
316 1802 395 1831 quae
406 1794 595 1832 principales
619 1794 815 1826 dicebantur.
825 1794 886 1826 Hic
897 1803 997 1824 sermo
1018 1795 1067 1825 est
1077 1795 1115 1825 de
1127 1795 1284 1833 Principe,

139 1835 192 1865 ubi
207 1836 275 1866 eius
288 1836 481 1873 praetorium
496 1836 692 1873 erigebatur3
712 1836 791 1867 unde
806 1838 931 1875 praetor
945 1838 1033 1867 recta
1048 1838 1157 1867 contra
1180 1836 1284 1867 hostes

139 1877 262 1908 exibat.
279 1877 318 1908 V.
341 1877 514 1914 Nxzvmwr,
536 1879 692 1915 Rituum,
715 1879 774 1918 qui
795 1880 874 1909 olim
904 1878 996 1916 apud
1018 1879 1184 1909 Romanos
1206 1879 1283 1908 obti-

139 1922 299 1954 nuerunt,
322 1920 471 1949 succinta
492 1921 683 1959 explicatio.
707 1921 810 1952 Sectio
834 1922 870 1957 V,
894 1930 964 1959 cap.
987 1920 1026 1952 V.

203 1960 251 2000 (1)
274 1962 349 1991 vitii
372 1961 557 1993 latitantis.
580 1962 771 1994 Discordiae.

205 2003 251 2042 (2)
275 2003 465 2034 Macronem
488 2004 576 2035 laevo
597 2005 634 2033 in
657 2005 815 2038 latera...
837 2005 992 2036 Ultimam
1007 2003 1091 2035 vocis
1112 2004 1214 2035 latere
1229 2004 1283 2034 ha-

138 2043 246 2076 bemus
265 2045 404 2082 longam.
433 2045 560 2083 ideoque
582 2055 690 2077 versus
712 2047 827 2086 recipit
841 2047 1074 2085 eptemimeren.

202 2086 247 2126 (3)
270 2088 374 2118 scissa
394 2087 503 2126 palla.
525 2088 705 2119 Discordiae
733 2089 974 2127 descriptionem
999 2089 1117 2127 poteris
1137 2088 1238 2126 legere
1252 2087 1284 2117 in

142 2127 299 2160 Aeneidos
322 2129 515 2167 Virgilianae
535 2130 620 2167 VIII,
645 2131 723 2167 702;
747 2132 779 2162 et
801 2131 965 2167 Pzrnomr,
983 2131 1129 2170 satyrio.
1147 2130 1221 2162 124.

1481 15 1533 26 κ’..-
