1566 2482
483 168 486 169 ⁷
511 167 800 196 mmmm-:nm
851 192 856 194 .
1063 176 1068 180 -
1170 158 1218 196 77

84 278 334 327 Regnantem,
363 277 623 326 propriamque
652 277 739 324 sibi,
768 278 938 326 retroque
964 289 1165 326 perennem

82 331 211 378 Ausit,
241 332 280 369 et
304 331 417 370 unius
444 333 604 369 naturae
631 330 801 370 scindere
828 331 952 370 vires?

81 384 275 433 Numquid
292 385 511 433 adoptivum
527 385 675 434 genitor
693 385 766 423 sibi
785 385 924 424 sumsit
948 386 1026 434 (1),
1048 387 1091 424 ut
1109 387 1205 425 alter

81 438 237 477 Externi
263 439 413 487 generis
440 450 636 477 numerum
664 439 853 486 praestare
882 440 1040 478 duorum

80 493 238 540 Dalmat,
268 494 306 531 et
332 492 523 542 geminum
551 492 700 531 distans
727 493 901 532 inducere
929 496 1096 532 numen?
1180 494 1231 532 50

82 546 217 585 Forma
245 547 370 585 Patris
399 547 476 585 veri
503 558 613 585 verus
641 548 719 584 stat
747 547 881 593 Filius,
912 559 956 586 ac
984 560 1022 586 se

80 599 206 638 Unum
233 600 303 638 rite
330 601 478 648 probat,
509 598 596 638 dum
624 600 781 638 formam
810 603 936 639 servat
963 601 1146 639 eamdem.

81 654 169 692 Non
196 664 302 692 amor
329 654 498 693 adscitus
525 654 659 700 sociat,
689 665 758 693 nec
785 654 911 703 iungit
937 656 1133 703 utrumque

81 707 284 746 Coniurata
311 707 428 754 fides3
459 708 581 756 pietas
609 708 674 746 sed
701 709 818 755 certa,
850 720 1042 757 genusque

85 761 224 808 Unum,
242 761 339 810 quod
354 762 455 800 Deus
468 763 539 809 est,
561 772 745 800 summam
759 764 952 800 revocatur
969 763 1154 801 adunam.
1180 764 1230 802 55

82 814 187 853 Haec
213 814 298 861 tibi,
320 815 503 862 Marcion,
525 815 587 854 via
614 816 809 863 displicet:
833 816 931 854 hanc
957 817 1024 854 tua
1051 817 1208 856 damnat

80 869 188 907 Secta
215 869 340 915 fidem,
371 869 532 907 dominis
559 869 704 907 caelum
731 869 872 917 partita
901 870 1058 908 duobus.

80 923 183 969 Quae
207 924 244 961 te
271 922 504 961 confundunt
531 922 715 961 nebulae?
743 923 826 971 quis
853 934 1006 962 somnus
1033 924 1145 962 inerti

81 976 242 1015 Incubat
269 976 437 1025 ingenio,
468 977 528 1015 cui
555 989 620 1024 per
647 977 919 1024 phantasmata
947 978 1082 1026 duplex

82 1029 253 1068 Occurrit
280 1030 435 1078 species⁷
466 1030 565 1069 bivio
593 1030 760 1078 dispersa
787 1042 947 1079 superno
962 1034 980 1069 t>
1178 1033 1229 1071 60

0 1081 18 1095 ‘'
79 1082 117 1121 Si
145 1083 221 1121 vim
244 1084 386 1122 mentis
414 1084 526 1122 hebes
555 1086 685 1131 stupor
713 1084 883 1131 obsidet,
914 1085 1066 1133 adspice
1095 1086 1230 1124 saltem

79 1136 200 1176 Obvia
227 1137 387 1175 terrenis
415 1138 534 1176 oculis
561 1138 759 1185 elementa,
791 1138 926 1187 quibus
956 1151 994 1177 se

78 1192 152 1229 Res
179 1191 326 1230 occulta
354 1191 424 1230 Dei
452 1191 611 1240 dignata
639 1193 697 1230 est
723 1193 879 1240 prodere
907 1193 1046 1241 signis.

78 1244 190 1282 Hanc
218 1245 393 1283 haeresin
420 1257 604 1294 praesaga
634 1246 760 1284 Patris
787 1246 1022 1294 praeviderat
1049 1247 1139 1286 olim

78 1297 260 1336 Maiestas
287 1298 380 1346 fore,
412 1311 505 1347 quae
532 1301 711 1338 rectorem
738 1300 834 1338 lucis
862 1301 900 1338 et
928 1300 1027 1339 orbis
1177 1303 1228 1340 65

58 1351 271 1390 Scinderet
297 1352 337 1390 in
364 1354 505 1400 partes,
537 1353 771 1402 geminatum
798 1366 952 1403 segrege
980 1366 1111 1403 regno.

77 1405 218 1444 Iccirco
249 1405 309 1455 (2)
339 1406 526 1454 specimen
553 1407 678 1455 posuit
706 1408 908 1455 spectabile
937 1409 1077 1447 nostris

79 1459 370 1508 Exemplumque
398 1460 530 1507 oculis,
560 1473 607 1499 ne
635 1461 720 1509 quis
749 1462 821 1499 duo
849 1462 1006 1500 numina
1033 1463 1160 1500 credat

79 1512 318 1560 (Imperitare
345 1514 454 1562 vagis
482 1515 613 1553 mundi
639 1526 705 1562 per
732 1515 864 1553 inania
891 1515 1041 1565 formis)
1071 1515 1147 1566 (3).

144 1614 190 1654 (1)
215 1615 347 1646 etun-sit.
376 1615 482 1648 (ὶιεει.
506 1617 540 1646 et
562 1616 654 1653 vulgo
683 1618 837 1655 sumpsit.
860 1634 903 1639 —
922 1618 1112 1656 adoptivum
1133 1642 1141 1655 ‚
1169 1628 1228 1649 non

80 1660 154 1686 vero
176 1664 231 1694 pei·
254 1656 454 1694 adoptionem
476 1657 670 1696 adsumptus,
694 1658 749 1688 sed
771 1659 905 1696 genitus,
929 1667 991 1689 non
1013 1659 1128 1692 factus.
1152 1660 1230 1691 Vide

80 1698 124 1727 sis
147 1698 179 1729 S.
203 1698 335 1728 Tamus
359 1699 543 1735 Summam,
568 1700 625 1730 111.
649 1700 685 1730 Ρ.
710 1701 837 1739 Quaest.
861 1701 956 1732 xvnI.

79 1739 119 1769 V.
143 1739 219 1771 Avs.
242 1739 426 1778 Ephemeris
449 1741 494 1771 111
519 1741 634 1772 Oratio
659 1742 708 1772 10
714 1742 764 1772 12.
790 1742 868 1773 Vide
891 1742 1029 1773 Avcvsr.
1054 1744 1103 1774 De
1127 1743 1227 1774 civit.

79 1781 156 1816 Dei,
180 1781 223 1819 11,
247 1790 275 1811 c.
301 1782 332 1813 6.

145 1823 192 1861 (2)
216 1824 344 1855 iccirco.
370 1823 407 1855 V.
432 1824 471 1854 ad
493 1826 560 1856 not.
584 1826 624 1857 Ν.
648 1826 678 1855 2.

85 1886 88 1888 -
142 1863 194 1904 (3)
218 1865 417 1904 Imperitare
440 1868 532 1904 vayt's
554 1868 615 1899 ete.
640 1867 769 1898 Versum
803 1868 884 1898 hunc
916 1869 1034 1899 vainl
1057 1878 1074 1899 e
1103 1869 1229 1900 'lheolio

78 1906 229 1944 descripsi
245 1907 334 1938 uncis
355 1908 544 1946 conclusum,
561 1909 613 1946 qui
630 1909 827 1940 desideratur
842 1910 875 1940 in
898 1911 1043 1941 omnibus
1058 1910 1123 1941 sere
1138 1911 1226 1943 codd.

81 1956 174 1977 numu
196 1949 345 1985 exaratis,
369 1950 397 1979 si
426 1949 531 1980 demas
560 1960 655 1981 unum
684 1951 722 1982 de
748 1952 882 1988 Vaticc„
905 1952 956 1982 ubi
989 1953 1093 1983 aliena
1118 1961 1229 1983 manus

81 1989 336 2028 deprehenditur.
361 1991 405 2021 De
438 2000 473 2022 eo
505 1992 629 2023 (ἕπει-ειμι
654 2003 671 2021 α
696 2001 795 2030 neque
828 1993 911 2024 istud
945 1994 1069 2030 quidem
1103 2003 1226 2025 carmen

80 2031 195 2061 Aldina.
215 2031 312 2062 habet
334 2032 446 2069 editio,
468 2034 517 2063 cui
542 2034 754 2073 adstipulatur
777 2044 855 2065 unus
877 2044 919 2066 m.
944 2045 986 2066 ss.
1011 2037 1066 2074 qui
1088 2036 1170 2067 idem
1194 2038 1227 2067 in

81 2081 171 2144 versili
193 2074 336 2111 proximo
357 2075 498 2105 nonnihil
522 2077 637 2106 vaiiat.
662 2077 765 2108 Habet
787 2078 871 2108 enim
893 2086 954 2107 non
975 2079 1150 2116 resolutos,
1174 2079 1227 2109 sed

80 2123 153 2146 reno
171 2118 254 2161 ictos.
281 2125 298 2143 »
