1566 2482
87 285 286 324 Maiestate
313 282 438 322 Patris
465 282 593 322 vivum
618 281 684 321 lux
710 281 823 320 tertia
849 281 986 320 reddit.

86 338 240 386 Vidisti,
270 337 453 387 angelicis
479 336 699 377 comitatum
725 336 904 383 coetibus,
935 334 1010 374 alte

88 392 149 431 Ire
176 403 313 439 meum,
342 390 447 430 cuius
474 401 599 430 servor
626 389 846 438 munimine,
875 388 1069 437 templum.

86 445 197 484 Illius
224 447 396 484 aeternae
424 445 657 494 suspendunt
684 443 848 483 culmina
874 444 1017 492 portae,
1240 453 1275 572 N
1299 486 1316 526 ἓ

1156 496 1232 534 535

10 515 14 520 ’
87 500 144 538 Ac
169 511 234 548 per
262 499 472 538 inaccessas
499 498 686 537 scalarum
713 497 835 546 gloria
860 499 983 535 turres

86 552 260 600 Tollitur,
289 554 326 591 et
353 552 532 601 gradibus
558 552 658 590 lucet
685 551 747 589 via
775 550 936 590 candida
963 549 1132 589 summis.

87 607 141 645 At
166 607 234 645 tua
259 607 457 655 congestae
483 605 675 644 tumulant
700 605 917 643 holocausta
943 603 1096 642 ruinae:

86 659 183 707 Quid
208 672 383 707 mereare,
414 659 520 698 Titus
549 658 696 705 docuit3
728 659 881 697 docuere
911 657 1054 706 rapinis

88 714 334 762 Pompeianae
362 713 460 752 acies
489 712 574 763 (1);
597 713 731 762 quibus
758 712 963 760 exstirpata
989 722 1054 759 per
1081 721 1208 749 omnes

87 768 284 806 Terrarum
307 766 502 816 pelagique
520 766 654 815 plagas
673 767 740 804 tua
758 766 924 804 membra
941 764 1124 804 feruntur.
1157 765 1234 803 540

87 821 241 860 Exsiliis
268 819 388 870 vagus
415 821 488 859 hnc
515 820 606 859 illuc
632 819 869 859 fluitantibus
898 820 997 858 errat
1026 818 1086 868 (2)

87 874 266 922 Iudaeus,
296 875 493 923 postquam
520 873 644 922 patria
672 873 715 912 de
743 874 829 912 sede
856 872 1042 918 revulsus,

87 928 316 977 Supplicium
342 939 408 976 pro
435 927 546 966 caede
572 927 659 975 luit,
690 927 901 975 Christique
928 925 1058 974 negati

87 981 288 1031 Sanguine
303 993 492 1030 respersus
520 980 718 1019 commissa
743 980 892 1029 piacula
921 979 1055 1018 solvit.

87 1032 146 1074 En'
172 1047 245 1084 quo
271 1035 476 1084 priscorum
503 1034 623 1073 virtus
652 1034 806 1072 defluxit
834 1035 1015 1072 avorum?
1154 1032 1232 1071 545

87 1089 208 1127 Servit
235 1089 283 1127 ab
310 1088 478 1149 antiquis
506 1088 654 1136 dilapsa
681 1087 855 1127 fidelibus
882 1088 989 1126 heres

23 1154 26 1159 ·
87 1143 291 1190 Nobilitas,
313 1142 379 1181 sed
405 1142 481 1180 iam
510 1153 586 1181 non
614 1141 764 1180 nobilis.
794 1141 870 1180 Illa
898 1140 1082 1179 recentem

87 1197 283 1245 Suspectat
311 1195 371 1246 (3)
391 1196 540 1244 captiva
567 1196 700 1234 fidem:
731 1195 789 1234 vis
816 1196 928 1233 tanta
955 1193 1122 1232 novellae

21 1246 30 1256 ²
89 1249 327 1289 Credulitatis
355 1250 466 1289 inest.
499 1249 687 1288 Christum
714 1249 894 1297 confessa
895 1247 1120 1296 triumphat

89 1305 189 1342 Gens
209 1304 335 1351 infida
361 1303 489 1352 prius3
523 1303 663 1342 Christi
681 1295 760 1341 sed
779 1294 894 1348 victa
889 1301 1083 1351 negatrix
1155 1301 1232 1340 550

4 1359 11 1366 ’
66 1348 261 1396 Subditur
290 1333 655 1406 ideominos
684 1357 816 1396 sortita
846 1356 989 1395 fideles.

65 1520 68 1521 γ
131 1494 177 1532 (1)
200 1485 421 1534 P'ompmnae
441 1492 543 1524 acies.
565 1493 727 1532 Pompeius
755 1492 884 1524 Iudaeos
906 1492 985 1523 male
1007 1492 1172 1528 mulcavit,
1201 1493 1235 1523 et

90 1536 272 1574 stipendiari
275 1544 309 1566 os
331 1535 418 1566 fecit.
442 1536 481 1567 V.
505 1535 631 1566 Iesum.
655 1534 690 1566 L.
711 1534 798 1566 XIV.

133 1576 184 1617 (2)
205 1578 287 1608 exil'
274 1578 319 1608 tis
339 1586 456 1617 υαφιε
473 1577 519 1607 V.
530 1577 559 1607 S.
581 1575 718 1607 Rumon.
743 1577 767 1607 E
769 1576 815 1615 pl.
839 1577 876 1607 ad
901 1576 996 1607 nard.

133 1617 181 1659 (3)
214 1621 378 1658 suspectat
399 1618 505 1649 Grsm..
529 1618 582 1648 sed
598 1617 681 1649 Edit.
698 1617 835 1649 Mam-in.
851 1621 1018 1658 susceptat
1032 1627 1087 1657 pro
1103 1627 1138 1649 eo
1154 1617 1234 1678 quod

91 1654 140 1714 est
160 1663 326 1702 suspectat
346 1669 400 1700 per
422 1660 626 1692 metathesin.
