1566 2482
590 164 812 194 stornoffls
1221 154 1269 192 41

133 280 295 320 Pulchra
321 279 528 319 reformatis
546 280 674 319 redeat
701 279 923 330 Proserpina
950 279 1082 320 sacris.

133 334 252 381 Dixit,
283 335 320 372 et
346 333 548 383 exsanguis
575 334 794 381 collabitur3
826 346 884 382 ao,
914 334 1018 373 velut
1043 334 1168 383 ipsum

132 389 303 427 Cerneret
329 390 470 427 exserto
498 388 734 429 minitantem
759 387 916 427 fulmine
944 388 1132 427 Christum
1145 419 1154 436 ,
1195 389 1272 427 490

131 442 217 490 Ipse
245 453 387 490 quoque
414 441 610 489 exanimis,
631 442 750 491 posito
779 442 1000 489 diademate,
1031 442 1204 490 princeps
1272 444 1275 445 ⁷

131 495 268 542 Pallet,
279 496 315 534 et
333 496 526 534 adstantes
543 496 836 544 circuminspicit
855 495 938 546 (1):
955 496 1082 544 eequis
1099 495 1274 534 alumnus

132 549 354 588 Chrismatis
381 550 560 598 inscripto
589 550 750 599 signarit
776 551 942 599 tempora
968 549 1092 600 lign0;

131 602 202 649 Qui
229 603 485 642 Zoroastraeos
511 603 699 642 turbasset
726 603 846 642 fronte
875 615 1045 642 susurros
1066 602 1138 652 (2).

131 656 305 705 Armiger
332 669 351 695 e
378 668 494 696 cuneo
520 660 716 705 puerorum
743 658 1045 697 flavicomantum
1088 656 1147 706 (3)
1195 657 1271 695 495

132 710 312 758 Purpurei
339 712 463 750 custos
489 711 619 750 lateris
646 711 884 760 deprenditur
911 723 1009 750 unus
1030 711 1089 761 (4)
1110 725 1118 748 ε

132 764 211 802 Neo
238 765 367 813 negat,
397 765 434 803 et
444 759 608 813 ¹·gemin0
636 767 823 814 gemmata
850 764 1004 804 hastilia
1030 764 1126 803 ferro

132 817 299 864 Proiicit,
330 830 374 856 ac
401 818 552 867 signum
580 819 720 857 Christi
747 831 785 858 se
814 819 909 857 ferre
936 818 1088 856 fatetur.

132 871 311 910 Prosiluit
335 872 522 920 pavidus‚²
539 872 677 911 deiecto
705 873 887 920 antistite,
917 872 1111 920 princeps,

130 925 377 963 Marmoreum
404 925 568 974 fugiens,
598 927 701 965 nullo
728 926 945 977 comitante,
975 925 1165 964 sacellum.
1198 926 1274 964 500

130 978 223 1016 Tum
236 979 451 1017 tremefacta
478 979 623 1027 cohors,
640 980 851 1029 dominique
869 979 928 1029 (5)
944 979 1074 1026 oblita,
1093 979 1248 1027 supinas

61 1044 63 1046 ’
130 1031 254 1080 Erigit
280 1033 329 1070 ad
355 1032 497 1071 caelum
524 1032 653 1081 facies,
684 1035 795 1082 atque
823 1034 973 1072 invocat
1005 1034 1145 1071 Iesum.

130 1086 214 1123 Iam
229 1097 274 1124 ne
288 1086 526 1135 piget‘facti?
543 1087 618 1125 iam
628 1088 818 1136 poenitet?
828 1099 875 1126 en
888 1087 958 1126 tibi
978 1087 1165 1126 Christum
1194 1086 1271 1136 (6),

130 1139 268 1178 Infelix
294 1141 448 1188 Iudaea,
480 1142 621 1180 Deum:
653 1141 716 1190 qui
745 1142 903 1180 sabbata
929 1140 1078 1179 solvens

130 1193 277 1241 Tenea,
307 1195 480 1234 mortales
508 1197 658 1234 aeterna
685 1195 726 1234 in
754 1196 911 1234 sabbata
941 1194 1001 1245 (7)
1017 1194 1163 1255 sumsit.
1197 1195 1272 1233 505

174 1304 218 1344 (1)
226 1306 500 1347 cz'rcuminspe‘cit.
510 1307 559 1339 Ita
571 1308 659 1339 codd.
670 1308 789 1339 Vatiec.
802 1308 1080 1346 praestantissimi.
1090 1308 1158 1338 Non
1168 1308 1270 1338 tamen

130 1346 187 1378 abs
209 1357 242 1378 re
263 1348 434 1380 earumvs
455 1350 683 1389 circumspicit
704 1350 875 1382 revocavit.
898 1350 936 1380 V.
962 1347 1105 1396 Ψυχομ.
1129 1359 1159 1381 v,
1186 1349 1268 1385 733:

130 1396 162 1426 ot
183 1395 302 1427 Giselin
324 1396 418 1429 editt.

97 1444 104 1449 ·
172 1436 220 1477 (2)
249 1437 527 1471 Zoroastreos.....
558 1449 730 1471 susurros.
760 1440 805 1471 De
826 1440 958 1477 magicis
980 1440 1133 1470 Zoroastri
1160 1439 1273 1469 ritibus

130 1479 231 1517 legere
241 1482 662 1518 praestatDissm-tationem
679 1483 802 1513 doctam
813 1482 845 1512 in
860 1482 968 1521 primis
984 1482 1104 1512 Ioannis
1119 1483 1265 1512 Pridean

129 1522 279 1552 Histoire
299 1522 338 1553 dc
357 1524 448 1560 Im'fs
472 1524 508 1554 V.
531 1523 558 1554 1.
581 1541 625 1547 —
644 1533 838 1555 sussum-os.-
861 1523 1010 1562 quaedam
1034 1524 1214 1559 mussitare,
1239 1526 1273 1553 et

131 1563 216 1593 intra
230 1563 339 1594 dentes
360 1564 497 1602 proferre
519 1566 663 1596 nonnulla
677 1567 770 1597 verba
785 1569 945 1604 concepta,
963 1568 996 1597 et
1010 1575 1118 1604 preces
1140 1565 1173 1595 in
1186 1566 1273 1602 ignes

130 1613 235 1635 sacros
255 1605 312 1635 solt
320 1606 376 1636 bat
396 1606 569 1637 Zoroaster.

174 1645 222 1687 (3)
251 1648 531 1685 flavicomantum.
560 1648 808 1680 Flavicomantes
823 1673 830 1687 ‚
854 1649 949 1679 flavas
975 1657 1078 1680 comas
1103 1648 1270 1683 habentes;

129 1689 183 1726 'qui
209 1690 312 1726 magni
340 1689 442 1720 habiti
467 1690 565 1727 fuere,
590 1691 636 1721 uti
664 1692 804 1721 videmus
826 1699 920 1729 penes
954 1690 1047 1721 Ovln.
1077 1690 1198 1722 Pastor.
1226 1690 1268 1720 11.

129 1730 274 1761 Fortasse
295 1729 345 1763 hic
367 1733 458 1770 poeta
479 1733 695 1770 praetorianos
717 1733 861 1770 designat
882 1733 1064 1768 Germanos,
1080 1733 1135 1763 aut
1149 1741 1188 1763 ex
1202 1733 1272 1762 aliis

130 1773 305 1809 regionibus
327 1774 570 1812 septemtrionis,
586 1775 639 1812 qui
661 1777 856 1814 protectores
877 1774 946 1805 ideo
968 1775 1168 1811 vocabantur,
1192 1774 1270 1811 quod

129 1813 284 1853 Principis
306 1815 389 1845 latus
411 1817 563 1852 tegerent.

171 1855 216 1896 (4)
249 1856 499 1896 deprehenditur
512 1867 612 1889 unus.
636 1858 783 1890 Grssnm:
807 1858 1010 1898 deprenditur
1032 1858 1125 1889 Forte
1141 1867 1159 1887 «
1180 1858 1272 1888 Unus

129 1899 178 1928 est
192 1899 258 1936 ipse
289 1899 486 1931 Prudentius.
512 1910 531 1928 »
553 1900 658 1930 Glossa
679 1900 787 1932 Vetus.

171 1939 217 1978 (5)
239 1940 437 1980 dominique.
462 1953 480 1971 «
504 1942 703 1981 Imperatoris
727 1954 744 1971 »
766 1943 840 1973 -Vet.
862 1942 963 1974 Gloss.

171 1981 217 2020 (6)
239 1991 279 2012 cn
302 1982 364 2013 tibi
387 1983 571 2016 Christum.
588 1984 634 2015 En
649 1985 767 2023 Deum,
786 1986 873 2023 quasi
897 1983 1067 2029 δςικτικῶς
1089 1983 1268 2015 ostentandi

130 2036 236 2060 eausa.
282 2051 285 2054 »

171 2069 219 2110 (7)
250 2074 384 2102 aeterna
412 2072 559 2106 sabbata.
590 2074 728 2105 Sabbath
758 2083 776 2104 a
805 2075 898 2105 verbo
927 2074 1072 2106 hebraico
1098 2077 1198 2111 mv.
1224 2082 1272 2104 re-

131 2114 263 2152 quievit,
286 2114 334 2145 est
356 2114 458 2146 dictus
478 2116 630 2155 septimus
653 2116 782 2154 quisque
805 2116 1015 2148 hebdomadae
1040 2117 1118 2155 dies,
1142 2124 1202 2155 quo
1222 2115 1273 2146 die
