1566 2482
274 154 350 194 106
643 166 795 194 Avitum
830 166 1034 195 Pssvnm'rrr

271 274 444 322 Dederet‚
475 274 670 314 arbitrium
698 275 741 313 de
769 276 806 313 te
831 275 903 314 tibi
930 276 1075 315 credere
1102 288 1240 316 avarus

271 328 412 375 Nollet,
443 330 486 366 ut
513 328 686 377 indigno,
715 329 995 378 libertatemque
1022 332 1204 380 negaret?

273 381 387 428 Quale
416 383 510 429 erat,
539 382 677 421 electus
704 382 835 431 magni
861 395 925 421 rex
952 383 1051 423 orbis
1078 385 1122 422 ut
1147 386 1258 432 esset,
1330 386 1407 424 685

271 436 357 473 Non
384 447 448 473 rex
474 435 554 483 ipse
582 436 655 483 sui,
686 437 789 475 curto
817 436 988 475 foedatus
1015 438 1179 476 honore?

270 489 370 527 Nam
397 489 480 537 quis
509 490 626 528 honos
653 490 793 528 domini
820 492 891 538 est,
922 491 1027 529 cuius
1056 502 1163 529 mens
1191 491 1309 530 libera
1328 503 1406 531 non

643 575 647 580 .
1333 547 1405 594 est,
1429 589 1434 593 ,

271 596 357 633 Una
385 596 450 634 sed
475 596 670 645 impositae
698 597 814 635 servit
842 597 1028 635 sententia
1054 597 1154 646 legi?
1317 545 1331 597 [

272 649 372 694 Quae
407 650 491 688 laus
509 661 616 699 porro
643 651 805 689 hominis
834 651 910 701 (1),
928 651 986 689 vel
1014 652 1111 699 quod
1124 652 1310 699 meritum,
1328 652 1408 690 sine

1309 708 1407 744 certo

271 756 377 794 Inter
404 757 598 805 utramque
625 757 726 796 viam
754 757 965 796 discrimine
993 757 1116 797 vivere
1143 705 1308 796 iuste?·[
1329 760 1407 798 690

270 811 357 848 Non
385 810 429 847 fit
456 813 586 858 sponte
614 812 748 859 bonus,
771 811 830 849 cui
863 822 939 850 non
958 812 1016 850 est
1047 814 1192 860 promta
1215 813 1380 860 potestas

270 863 373 902 Velle
401 864 518 911 aliud,
549 865 733 914 flexosque
761 865 878 903 animi
906 867 1115 904 convertere
1143 877 1290 904 sensus.

270 917 387 964 Atqui
415 929 482 956 nec
509 919 630 957 bonus
657 920 729 965 est,
759 930 827 957 nec
855 919 1126 958 conlaudabilis
1153 919 1231 966 ille,

270 970 340 1016 Qui
366 981 442 1008 non
469 973 599 1019 sponte
626 973 772 1010 bonus:
805 973 980 1020 quoniam
1007 973 1189 1020 probitate
1216 973 1345 1011 coacta

270 1023 396 1062 Gloria
423 1024 529 1063 nulla
555 1026 672 1072 venit,
704 1026 898 1073 sordetque
926 1025 1088 1074 ingloria
1115 1025 1250 1064 virtus.
1325 1027 1403 1064 695

270 1078 348 1122 Nec
375 1078 503 1116 tamen
530 1080 588 1116 est
613 1079 746 1126 virtus,
778 1082 819 1116 ni
846 1079 1026 1117 deteriora
1051 1079 1220 1117 refutans

269 1130 427 1178 Emicet,
457 1133 495 1169 et
521 1132 669 1170 meliore
697 1132 796 1171 viam
823 1134 928 1180 petat
954 1132 1076 1171 indole
1102 1134 1256 1171 rectam.

269 1183 388 1230 Vade,
418 1184 472 1222 ait
499 1185 578 1233 ipse
608 1187 765 1232 Parens,
796 1186 988 1234 opifexque
1017 1187 1054 1224 et
1079 1187 1247 1224 conditor
1274 1187 1402 1233 Adae;

269 1237 387 1284 Vade,
418 1238 542 1285 homo,
573 1240 610 1276 et
637 1240 778 1277 adflatu
806 1240 926 1278 nostri
952 1240 1180 1287 praenobilis
1206 1239 1296 1286 oris,

268 1291 496 1339 Insubiecte,
522 1293 667 1340 potens,
698 1305 819 1331 rerum
834 1293 986 1340 arbiter,
1014 1293 1152 1332 arbiter
1176 1293 1272 1331 idem
1292 1293 1405 1342 (700)

269 1344 318 1382 Et
344 1344 453 1383 iudex
480 1346 617 1384 mentis
644 1346 836 1394 propriae:
867 1347 959 1384 mihi
986 1347 1139 1385 subdere
1167 1347 1237 1385 soli

269 1398 404 1444 Sponte
431 1399 513 1445 tua,
544 1411 614 1447 quo
642 1400 693 1437 sit
720 1400 897 1439 subiectio
925 1402 962 1438 ot
988 1401 1071 1448 ipsa
1099 1400 1219 1439 soluto

268 1450 401 1489 Libera
426 1451 576 1491 iudicio.
607 1454 693 1492 Non
721 1465 827 1502 cogo,
858 1465 925 1492 neo
952 1454 1059 1502 exigo
1086 1466 1151 1502 per
1177 1453 1268 1500 vim,

268 1504 338 1542 Sed
365 1516 493 1544 moneo
521 1506 703 1545 iniustum
730 1507 870 1556 fugias,
901 1508 1112 1556 iustumque
1140 1506 1321 1555 sequaris.

269 1558 350 1596 Lux
376 1570 497 1597 eomes
538 1561 596 1598 est
631 1560 743 1599 iusti:
775 1572 896 1599 eomes
925 1563 982 1599 est
1021 1572 1122 1599 mors
1150 1560 1303 1665 hof-rida
1329 1559 1401 1650 ini5-

1212 1613 1290 1662 qui.
1323 1613 1372 1651 70

258 1664 374 1713 Elige
401 1677 478 1703 rem
505 1666 620 1714 vitae,
651 1669 717 1705 tua
745 1667 864 1706 virtus
894 1667 953 1717 (2)
982 1669 1096 1705 temet
1122 1667 1163 1705 in
1190 1679 1322 1706 aevum

272 1719 467 1766 Provehat,
498 1721 688 1759 aeternum
717 1721 869 1759 damnet
895 1723 962 1759 tua
989 1721 1100 1769 culpa
1126 1720 1306 1767 vicissim,

331 1897 381 1936 (1)
407 1898 494 1935 Quae
516 1899 592 1937 laus
609 1908 708 1936 porro
723 1899 876 1930 hominis.
900 1899 932 1932 S,
947 1898 1082 1929 Avo-vs'r.
1103 1902 1215 1929 contra
1231 1900 1403 1930 Fortunat.

268 1939 414 1970 Mania-h.
441 1940 565 1978 Disput.
586 1940 618 1970 II
639 1941 746 1971 notat:
764 1952 782 1969 «
799 1941 941 1970 Liberum
957 1941 1134 1977 arbitrium,
1150 1942 1177 1970 si
1192 1950 1252 1970 non
1268 1941 1405 1971 dedisset

270 1980 359 2015 Deus,
383 1981 533 2011 iudicium
549 1981 694 2020 puniendi
709 1982 827 2012 nullum
842 1983 959 2012 iustum
974 1991 1040 2012 esse
1054 1984 1168 2020 posset,
1186 1991 1242 2013 nec
1259 1983 1403 2013 meritum

270 2024 351 2051 reete
373 2022 516 2053 faciendi.
542 2034 559 2051 »
582 2023 726 2054 Versibus
748 2024 827 2054 hanc
852 2024 1039 2054 sententiam
1067 2024 1179 2062 polivit
1193 2024 1231 2056 A.
1249 2025 1400 2055 Pnosrzn.

269 2074 286 2090 «
311 2063 358 2092 De
379 2064 529 2101 Imm-atis
553 2075 582 2100 »‚
606 2074 636 2096 v,
660 2065 733 2095 410.

331 2104 380 2143 (2)
404 2108 461 2134 tua
478 2103 596 2142 virtus,
613 2107 666 2137 sed
681 2107 790 2138 divina
804 2107 908 2144 gratia
922 2107 1076 2138 roborata.
1096 2104 1132 2137 V'.
1149 2107 1266 2146 Apoth.
1283 2115 1312 2138 v.
1327 2106 1401 2137 880.
