1566 2482
657 178 808 207 AVRELII
834 179 1036 209 PRVDENTII
1059 184 1068 188 ⁸
1096 195 1114 222 s
1157 158 1160 159 γ

273 285 374 335 Ergo
400 297 505 333 cave,
535 285 726 335 egregium
754 288 868 335 caput
895 286 1012 338 orbis,
1041 288 1173 328 inania
1198 287 1358 338 posthac
1390 294 1394 296 ’

327 339 520 388 Prodigia,
549 341 586 378 et
610 340 738 378 larvas
765 340 901 379 stolido
926 341 998 380 tibi
1024 341 1167 392 fingere
1193 343 1314 392 cultu,

326 394 452 441 Atque
479 393 630 441 experta
656 393 724 432 Dei
749 394 927 432 virtutem
954 406 1126 443 spernere
1154 396 1247 435 veri.
1395 446 1399 447 ⁷

325 447 499 494 Deponas
526 446 602 484 iam
628 446 728 485 festa
753 447 866 486 velim
893 448 1069 496 puerilia,
1097 449 1194 489 ritus
1330 451 1410 492 500

325 499 533 548 indiculos,
561 501 740 548 tantoque
767 501 942 549 indigna·
956 503 1121 541 sacraria
1146 514 1276 552 regno.

323 553 511 592 Marmora
535 554 682 592 tabenti
710 554 768 602 (1)
797 555 1011 603 respergine
1037 556 1159 595 tincta
1184 556 1325 606 lavato,

328 606 359 645 Ο
385 617 571 654 proceres:
602 607 714 646 liceat
738 608 885 646 statuas
910 608 1111 648 consistere
1137 620 1252 659 puras

322 660 521 698 Artificum
534 671 756 709 magnorum
769 672 898 709 opera:
914 662 984 700 hae
999 663 1248 710 pulcherrima
1260 665 1411 704 nostrae

326 713 558 752 Ornamenta
571 714 700 752 cluant
718 715 778 763 (2)
796 715 955 762 patriae,
977 727 1046 754 nec
1064 716 1208 756 decolor
1225 729 1318 756 usus
1332 717 1408 758 505

323 766 372 804 In
398 767 533 806 vitium
559 779 688 806 versae
715 770 956 807 monumenta
982 769 1199 818 coinquinet
1226 770 1336 810 artis.

269 819 424 858 Talibus
451 820 582 859 edictis
610 822 698 860 urbs
726 820 931 860 informata
957 822 1099 871 refugit

322 873 474 912 Errores
499 875 657 922 veteres,
688 876 725 913 et
750 875 902 913 turbida
929 876 976 914 ab
1004 887 1066 915 ore
1096 876 1192 915 vieto

323 926 465 965 Nubila
492 927 686 975 discussit,
716 927 791 966 iam
819 929 1012 967 nobilitate
1040 931 1174 977 parata

322 980 506 1019 Aeternas
532 982 677 1019 tentare
703 981 800 1028 vias,
833 982 1092 1031 Christumque
1118 985 1275 1023 vocante
1332 983 1421 1025 510·

323 1034 568 1082 Magnanimo
583 1035 731 1073 ductore
746 1035 865 1083 sequi,
878 1037 915 1074 et
929 1047 1032 1084 spem
1047 1036 1193 1076 mittere
1206 1037 1248 1075 in
1260 1049 1407 1078 aevum.

323 1087 427 1125 Tunc
454 1088 616 1135 primum
644 1088 748 1127 senio
775 1088 908 1127 docilis
935 1101 1005 1127 sua
1032 1090 1183 1128 saecula
1210 1091 1328 1130 Roma

324 1140 502 1178 Erubuit:
533 1142 647 1188 pudet
674 1141 795 1179 exacti
823 1142 900 1179 iam
926 1142 1126 1189 temporis:
1158 1143 1238 1182 odit

322 1193 548 1232 Praeteritos
575 1193 694 1232 foedis
721 1206 805 1233 cum
831 1195 1077 1243 religionibus
1105 1207 1240 1236 annos.

322 1246 423 1293 Mox,
453 1246 531 1293 ubi,
562 1247 759 1296 contiguos
785 1247 897 1286 fossis
925 1249 1132 1288 muralibus
1159 1260 1272 1298 agros
1329 1249 1407 1289 515

321 1299 512 1347 Sanguine
526 1301 708 1339 iustorum
726 1300 885 1340 innocuo
904 1302 1091 1341 maduisse
1111 1303 1171 1351 (3)
1190 1303 1405 1352 recordans,

323 1352 520 1391 Invidiosa
546 1353 647 1392 videt
674 1354 900 1393 tumulorum
925 1355 1046 1393 millia
1073 1356 1227 1404 orreum,

331 1482 340 1512 ί
345 1482 375 1520 1)
401 1483 570 1513 Marmora
591 1484 713 1513 tabenti
734 1486 796 1516 etc.
821 1485 934 1515 Locum
956 1486 1112 1522 insignem
1133 1485 1282 1518 habemus
1302 1486 1355 1518 hic
1368 1486 1408 1518 de

268 1525 407 1554 veterum
430 1525 637 1555 monumentis
659 1526 886 1557 conservandis.
910 1526 983 1558 Cum
1008 1528 1074 1557 iam
1095 1528 1244 1559 subactae
1267 1530 1407 1560 velerum

268 1565 434 1602 religiones
453 1567 530 1603 sint,
553 1568 586 1596 et
606 1575 622 1596 e
645 1568 825 1598 mortalium
857 1570 960 1599 mente
988 1568 1132 1607 depulsae
1154 1578 1268 1607 pravae
1288 1569 1326 1602 do
1346 1569 1409 1602 diis

269 1606 356 1637 falsis
378 1608 410 1637 et
431 1608 630 1638 mendacibus
652 1610 902 1647 superstitiones,
918 1611 1044 1640 omnino
1059 1611 1107 1640 ait
1122 1612 1216 1649 poeta
1235 1613 1340 1643 noster
1354 1611 1407 1643 (10-

268 1657 338 1679 cere
359 1651 559 1680 monumenta
573 1659 732 1688 reparare,
748 1652 781 1681 et
796 1651 870 1682 bene
888 1652 975 1683 lauta
989 1652 1136 1688 retinere,
1154 1653 1265 1684 habita
1279 1653 1403 1686 ratione

269 1690 347 1721 artis
366 1691 569 1728 sculptoriae,
592 1700 670 1728 quae
691 1692 863 1723 luculenter
884 1693 917 1722 in
940 1693 1049 1725 iisdem
1071 1693 1183 1724 elucet.
1208 1694 1274 1733 Qua
1296 1695 1335 1725 de
1354 1703 1402 1734 re,

268 1731 330 1762 tibi
352 1733 461 1762 auctor
484 1733 605 1768 fuerim,
629 1734 761 1771 benigne
781 1734 891 1771 lector,
913 1736 949 1765 ut
980 1743 1055 1773 opus
1086 1735 1233 1772 gallicum
1265 1735 1403 1773 evolvas,

269 1773 350 1809 quod
370 1773 456 1803 haud
477 1775 525 1804 ita
545 1775 665 1812 pridem
692 1776 801 1806 italice
828 1775 985 1807 convertit
1005 1776 1201 1807 Amnum-m
1223 1776 1333 1808 Fauna
1354 1786 1407 1817 po·

269 1815 368 1846 litior.
381 1814 520 1846 litterar.
537 1816 655 1848 doctor.
679 1816 728 1855 (V.
745 1817 874 1848 Lezione
888 1817 999 1856 xvnI);
1026 1818 1092 1847 tum
1115 1818 1211 1848 etiam
1233 1818 1406 1857 Epistolam

270 1856 301 1888 S.
319 1856 475 1887 Gnuuonu
495 1857 606 1888 MAcm
627 1858 727 1888 vanI
748 1861 841 1889 Luem
861 1859 892 1889 11
907 1859 936 1891 S.
959 1858 1132 1896 Augustino
1153 1860 1294 1892 missam.

332 1897 376 1937 (2)
396 1898 531 1930 eluant.-
553 1899 722 1931 illustrent.
747 1897 828 1946 ἁρχ.
865 1900 939 1930 Vide
969 1901 1012 1930 sis
1034 1900 1207 1933 Cathemer.
1241 1901 1295 1938 IV,
1323 1902 1402 1939 10⁷:

268 1943 384 1974 Contra
403 1945 519 1984 Symm.
542 1947 615 1977 584.

333 1986 378 2025 (3)
399 1989 562 2026 sanquine
581 1989 746 2019 iustorum
760 1989 898 2020 innocuo
914 1990 1118 2023 maduisse...
1134 1990 1202 2021 scil.
1219 1991 1403 2030 martyrum,

269 2028 323 2063 qui
344 2037 400 2067 per
420 2030 471 2060 tot
489 2030 661 2068 cruciatu&
687 2031 878 2069 mortemque
909 2032 1009 2070 ipsam
1041 2032 1262 2064 confirmarunt
1285 2031 1404 2064 christi

268 2069 455 2101 doctrinam.
478 2071 681 2109 Ammmms,
698 2073 825 2104 Parad.
850 2072 965 2110 XVIII,
983 2074 1042 2105 123
1065 2075 1096 2104 iu
1119 2074 1200 2106 hanc
1231 2082 1315 2107 rom:
1339 2085 1358 2104 σε
1378 2072 1404 2105 ss

267 2111 395 2150 templo,
414 2113 475 2144 Che
497 2114 523 2144 si
547 2114 633 2144 muro
655 2114 687 2144 di
709 2115 795 2152 segni
817 2123 834 2145 e
857 2115 889 2145 di
911 2115 1047 2146 martiri.
1072 2127 1089 2142 »
1146 2155 1148 2157 q
