1566 2482
579 161 871 192 mmumenxu
982 202 997 208 Δ
1146 158 1149 159 ’
1245 147 1298 186 89

151 274 315 313 'Additur
340 285 415 322 ars,
443 275 487 312 ut
513 273 579 312 fila
605 272 731 311 herbis
760 271 821 322 (1)
850 272 1021 310 saturata
1038 270 1193 310 recoctis

152 329 336 367 Inludant
361 328 486 367 varias
514 326 692 366 distincto
719 325 880 365 stamine
914 325 1069 372 formas.

151 383 203 420 Ut
230 393 396 431 quaeque
422 382 480 420 est
504 381 646 430 lanugo
673 381 772 419 ferae
800 379 1023 418 mollissima
1054 379 1175 425 tactu,

151 436 331 475 Peetitur.
363 436 476 474 Hune
501 435 632 474 videas
658 434 822 473 lascivas
849 434 1020 482 praepete
1038 444 1151 471 cursu

150 490 361 529 Venantem
387 489 552 537 tunicas,
581 488 708 527 avium
736 499 878 537 quoque
906 487 1169 526 versicolorum
1223 485 1300 523 295

151 543 381 582 Indumenta
407 543 515 582 novis
542 543 728 581 texentem
753 542 902 590 plumea
919 541 1028 587 telis;

150 597 268 636 Illum
293 596 497 646 pigmentis
523 596 791 642 redolentibus,
821 596 860 634 et
885 595 1081 644 peregrino

151 650 308 689 Pulvere
334 650 515 689 femineas
541 651 779 699 spargentem
805 649 963 697 turpiter
990 660 1102 696 auras
1136 647 1211 697 (2).

153 703 289 743 Omnia
314 704 425 743 luxus
451 705 566 743 habet
591 705 741 743 nostrae
768 702 1006 751 vegetamina
1022 702 1138 749 vitae,

151 758 328 796 Sensibus
356 758 397 796 in
425 758 588 807 quinque
616 759 788 796 statuens
822 768 916 805 quae
953 756 1121 795 condidit
1156 755 1298 793 auctor.

152 871 318 910 Auribus
345 872 455 920 atqm
483 871 616 918 oculis,
645 873 726 910 tun
754 871 910 909 naribus
938 871 1050 919 atque
1077 869 1207 918 palato

152 925 349 971 Quaeritur
375 925 536 964 infectus
563 925 710 964 vitiosis
737 925 881 963 artibus
908 935 1014 963 usus.

151 979 238 1027 Ipse
265 979 396 1026 etiam,
424 981 503 1018 toto
530 979 646 1027 pollet
672 979 737 1028 qui
764 989 929 1027 corpore,
958 978 1086 1016 tactus

150 1032 358 1082 Palpamen
384 1034 553 1071 tenerum
580 1033 731 1072 blandis
760 1045 779 1071 e
807 1032 948 1071 fotibus
976 1031 1108 1069 ambit.

152 1086 253 1125 Proh
281 1087 398 1134 dolor,
428 1087 614 1136 ingenuas
640 1087 797 1125 naturae
826 1086 1039 1124 occumbere
1067 1085 1184 1133 leges,
1222 1084 1300 1122 305

151 1140 402 1190 Captivasque
427 1141 544 1187 trahi,
575 1142 758 1190 regnante
785 1140 956 1186 libidine,
988 1139 1119 1178 dotes!

153 1195 373 1233 Perversum
402 1195 461 1233 ius
489 1206 596 1233 omne
622 1195 740 1243 viget,
771 1194 857 1232 dum
887 1192 1069 1242 quidquid
1086 1192 1300 1231 habendum

153 1247 398 1296 Omnipotens
426 1248 592 1295 dederat,
624 1248 749 1287 studia
776 1248 817 1286 in
844 1247 1033 1286 contraria
1060 1247 1225 1285 vertunt.

151 1301 339 1340 Iccireone
369 1302 429 1352 (3)
449 1303 555 1351 rog'o,
586 1302 814 1350 speculatrix
839 1301 980 1350 pupula
1007 1301 1114 1339 molli

153 1355 310 1393 Subdita
336 1356 533 1404 palpebrae
561 1358 632 1403 est,
662 1357 706 1394 ut
731 1355 857 1404 turpia
886 1354 1142 1393 semivirorum
1221 1351 1299 1392 310

108 1419 110 1421 ·
152 1408 319 1447 Membra
346 1410 522 1447 theatrali
549 1411 696 1458 spectet
715 1409 898 1458 vertigine
925 1408 1028 1456 ferri,

153 1558 316 1589 Laurentii
336 1556 423 1604 Περὶ
439 1556 539 1603 Στεφ.
557 1567 587 1588 v.
605 1557 679 1589 237.
691 1557 735 1588 De
746 1558 833 1588 veste
844 1559 949 1588 autem
967 1556 1140 1593 scutulata,
1153 1565 1208 1587 seu
1232 1565 1300 1588 scu-

154 1607 231 1638 tulis
253 1606 415 1643 distinam,
439 1606 573 1643 virgata,
597 1606 659 1637 etc.
682 1606 752 1636 vide
774 1606 864 1637 Pam.
889 1606 1009 1637 Maron.
1034 1604 1118 1640 vm,
1148 1604 1200 1638 48.
1225 1605 1278 1636 74.

217 1648 263 1687 (1)
287 1648 436 1678 Additur
457 1658 526 1685 ars,
556 1650 595 1677 ut
615 1648 675 1685 fila
698 1648 817 1684 herbis,
841 1650 903 1678 etc.
927 1648 1048 1678 Colores
1069 1655 1108 1677 ex
1135 1646 1300 1677 herbarum

139 1691 303 1730 ‘stirpibus
327 1698 501 1728 expressos,
517 1690 628 1727 quibus
653 1690 797 1720 mulieres
822 1690 855 1719 in
877 1690 963 1720 veste
985 1689 1207 1726 distinguenda
1233 1690 1300 1719 ute-

153 1737 274 1768 rentur,
291 1733 452 1763 enumerat
468 1732 559 1763 Ovn).
577 1733 726 1770 inpurum
739 1731 948 1770 pudicoopere
962 1732 1099 1762 DeArte
1108 1731 1300 1761 Amnum.-

151 1775 328 1806 Inludant.
350 1774 396 1805 De
417 1773 475 1805 hoc
497 1774 589 1804 verbo
610 1774 688 1804 Vide
709 1775 850 1804 nostrum
870 1772 956 1819 Περὶ
980 1771 1043 1806 Στε
1045 1784 1080 1818 φ.
1109 1772 1196 1809 XIV,
1227 1773 1300 1803 105.

216 1823 262 1862 (2)
285 1823 468 1861 femineas..
475 1846 482 1854 .
503 1832 621 1854 auras.
644 1822 746 1870 Turpe
767 1822 843 1852 viris
864 1823 913 1852 est
933 1829 1092 1858 unguenta
1108 1820 1186 1850 bene
1206 1820 1300 1856 olere,

151 1863 338 1895 feminarum
359 1872 443 1894 more
458 1865 684 1900 delicatar3um
702 1863 762 1894 nisi
780 1864 860 1894 forte
881 1863 996 1893 malum
1011 1863 1147 1895 odorem
1164 1871 1218 1892 seu
1239 1862 1300 1892 foe-

137 1908 251 1941 ,torem
283 1906 347 1936 oris
379 1907 509 1945 cupiant
533 1906 727 1937 dissimulare
759 1914 776 1935 e
797 1906 862 1936 suis
884 1905 1063 1943 corporibus
1084 1904 1300 1943 profluentem.

152 1949 234 1979 Hine
257 1949 291 1978 in
311 1948 464 1985 quendam
495 1949 544 1978 sui
565 1949 717 1987 temporis
739 1948 919 1978 Mla-mus
952 1948 1074 1977 iocatus
1095 1947 1146 1976 est
1166 1945 1302 1983 maligno

153 1990 261 2028 Epigr.
285 1989 326 2025 11,
354 1998 383 2020 v.
408 1989 464 2021 13.

216 2032 282 2062 Hoc
305 2031 381 2061 mihi
402 2032 580 2070 suspectum
601 2032 651 2062 est
672 2031 754 2069 quod
769 2031 831 2061 (les
851 2032 941 2066 bene,
957 2030 1138 2067 Posthume,
1160 2038 1298 2069 semperz

259 2073 438 2109 Posthume,
462 2082 524 2104 non
546 2074 622 2104 beno
642 2083 668 2104 0
659 2074 717 2107 ’,οὺ
742 2074 796 2110 qui
817 2074 894 2104 bene
915 2081 1036 2111 semper
1057 2072 1132 2103 olet.

218 2114 265 2155 (3)
288 2115 459 2147 sccii-cone.
483 2132 522 2138 -
546 2115 684 2147 Orsi-:mm
707 2115 886 2148 Idomene
912 2115 948 2146 V.
973 2115 1107 2146 Cama.
1128 2113 1197 2146 Ort
1223 2114 1299 2145 Lat.
