1566 2482
355 289 598 356 CONTRA
635 289 955 357 SYMMAGHI
988 291 1345 360 ORATlONEM

623 426 802 460 LIBER
830 426 1052 461 PRIMVS

795 525 901 533 ——-—·

335 666 534 705 Credebam
561 664 665 704 vitiis
694 677 847 714 aegram
874 666 1078 715 gentilibus
1105 667 1232 706 urbem

386 721 471 759 Iam
499 718 595 758 satis
622 719 769 767 antiqui
795 720 981 768 pepulisse
1008 720 1174 769 pericula
1201 721 1335 769 morbi,

386 775 466 812 Nec
495 773 696 822 quidquam
724 774 864 811 restare
892 773 997 820 mali,
1018 776 1213 823 postquam
1232 774 1418 815 medicina

387 826 575 875 Principis
591 826 650 876 (1)
672 826 886 865 immodicos
914 827 1063 866 sedarat
1091 828 1131 866 in
1158 840 1240 868 arce
1256 829 1414 869 dolores.

386 881 471 928 Sed,
502 880 883 928 quoniam'renovata
909 881 990 919 lues
1017 881 1167 921 turbare
1196 882 1355 922 salutem
1392 884 1416 921 5

387 936 523 973 Tentat
537 933 790 981 Romulidum,
804 934 928 973 Patris
943 934 1176 983 imploranda
1190 937 1333 975 medela
1345 937 1415 986 est,

387 989 445 1027 Ne
473 987 575 1026 sinat
602 987 757 1036 antiquo
786 989 940 1026 Romam
967 989 1136 1037 squalere
1163 991 1329 1038 veterno,

387 1043 491 1081 Neve
506 1042 616 1090 togas
643 1052 835 1089 procerum
862 1042 1034 1090 fumoque
1062 1043 1099 1080 et
1122 1043 1308 1092 sanguine
1340 1043 1415 1082 tin·

385 1148 547 1187 Inclitus
565 1159 652 1196 ergo
679 1158 814 1195 parens
833 1147 991 1196 patriae,
1012 1094 1414 1198 ωοᾱθῑαὺοτὲᾔωοτῖῗίἐ,

387 1202 454 1240 Nil
481 1201 558 1249 egit
576 1201 817 1249 prohibendo,
839 1213 957 1250 vagas
978 1214 1023 1240 ne
1041 1202 1224 1250 pristinus
1243 1215 1343 1242 error
1365 1203 1415 1243 10

388 1255 558 1295 Crederet
586 1266 665 1293 esse
695 1256 812 1293 Deum
840 1255 1015 1303 nigrante
1043 1256 1113 1294 sub
1140 1261 1222 1295 aere
1249 1256 1417 1296 formas?

388 1310 467 1348 Aut
480 1309 742 1347 elementorum
755 1309 943 1357 naturam,
954 1321 1048 1358 quae
1063 1310 1188 1349 Patris
1203 1321 1264 1350 ars
1279 1311 1337 1350 est
1352 1310 1414 1362 (3)

309 1494 311 1497 .
346 1469 391 1509 (1)
413 1470 595 1509 Principia
618 1469 662 1500 De
685 1478 743 1507 quo
758 1478 828 1500 nam
851 1469 992 1509 principe
1005 1469 1151 1508 loquatur
1164 1470 1255 1508 poeta
1269 1469 1324 1501 alii
1339 1470 1415 1502 alia.

279 1511 403 1543 Isomvs
424 1512 456 1542 et
479 1512 635 1542 Wnrrzrvs
656 1511 695 1542 cl.
714 1512 878 1543 Prudentii
893 1513 1079 1550 interpretes
1095 1511 1145 1542 hic
1160 1512 1197 1542 de
1212 1511 1416 1544 constantino

280 1562 452 1584 sermonem
473 1562 540 1584 esse
561 1553 765 1590 contendunt,
789 1554 842 1591 qui
865 1562 1042 1592 perversum
1057 1553 1207 1584 idolorum
1228 1553 1346 1584 cultum
1368 1554 1416 1586 vel

281 1596 450 1631 eradicare,
474 1595 522 1626 vel
543 1596 745 1633 comprimere
759 1595 948 1626 studuerunt
962 1595 995 1625 in
1017 1595 1111 1627 Urbe.
1136 1595 1160 1625 E
1183 1596 1340 1626 contrario
1361 1596 1415 1626 Gr·

281 1646 406 1668 sanvs
427 1638 461 1667 et
481 1637 725 1668 CnAfflnnAunvs
746 1637 951 1672 Theodosium
974 1637 1122 1674 Magnum
1144 1637 1258 1675 putant
1279 1646 1347 1668 esse
1369 1638 1419 1668 in·

257 1685 259 1688 ⁴
281 1679 484 1716 telligendum
505 1679 561 1709 sub
590 1679 711 1709 nomine
737 1680 919 1717 principis.
954 1677 1057 1716 Neque
1084 1679 1190 1710 obstat
1217 1679 1356 1709 nostrum
1377 1679 1416 1710 de

281 1720 429 1759 Principe
450 1720 535 1758 loqui
559 1721 717 1757 tamquam
740 1720 773 1750 in
795 1721 876 1750 vivis
898 1722 1018 1758 ageret,
1041 1729 1100 1758 quo
1122 1721 1260 1758 tempore
1281 1720 1416 1752 Theodo-

280 1768 345 1799 sius
363 1765 430 1798 ’iam
453 1769 519 1806 (an.
543 1761 644 1806 ἦν)
673 1767 713 1798 ad
735 1767 837 1806 plures
858 1769 1068 1804 concesserat:
1093 1777 1225 1806 namque
1252 1777 1308 1807 pro
1329 1769 1417 1800 certo

281 1816 429 1847 habemus
450 1815 655 1846 Prudentium
677 1823 759 1845 anno
780 1816 907 1845 tantum
936 1809 990 1846 H
1009 1815 1225 1854 Symmachum
1240 1816 1416 1848 confutasse

281 1867 319 1889 ex
340 1867 399 1896 quo
419 1866 507 1888 suam
535 1857 575 1887 ad
602 1857 779 1894 Principem
811 1857 1000 1891 Orationem,
1022 1867 1076 1888 seu
1105 1858 1354 1897 Expositionem
1376 1858 1414 1890 de

282 1899 345 1930 Ara
365 1899 525 1930 Victoriae
546 1897 762 1935 instauranda,
785 1898 881 1936 deque
910 1899 1036 1930 deorum
1065 1899 1149 1930 cultu
1177 1900 1351 1939 reparando
1371 1899 1416 1931 fe-

282 1943 380 1973 cerat.

284 2037 321 2068 72
344 1996 392 2067 (212
414 1995 523 2068 ίὶνὸῧιιί
545 2003 600 2033 pro
621 1995 717 2034 tinqi,
740 1995 773 2026 et
795 1995 873 2025 iure.
899 1994 936 2025 V.
961 1995 1142 2027 Gathemer.
1165 1995 1222 2032 111,
1248 1994 1303 2032 703
1331 1995 1415 2034 VIII,

345 2090 393 2130 (3)
414 2099 497 2129 quae
514 2090 625 2129 patrie
646 2099 706 2121 are
726 2093 797 2120 est.-
819 2098 897 2128 quae
918 2089 1066 2120 videlicet
1091 2089 1245 2122 elementa
1265 2091 1414 2129 gentibus

282 2133 474 2170 consecrata,
496 2134 605 2172 et-pro
633 2132 694 2163 diis
715 2132 837 2171 habita,
860 2132 935 2163 sunt
957 2133 1048 2163 unius
1069 2131 1126 2164 Dei
1147 2141 1236 2172 opuS.
