1566 2482
379 162 530 219 comi
550 174 745 220 mom
771 166 984 220 onAfionma
1167 180 1264 220 ,213Δ

163 300 226 338 Ire
252 299 352 340 viros
376 300 566 349 prohibet:
598 300 775 350 quoniam
802 302 979 342 caelestia
1005 310 1212 352 numquam

163 354 336 393 Terrenis
360 353 512 394 solitum
538 365 604 403 per
629 355 702 394 iter
727 356 986 405 gradientibus
1012 355 1181 396 obstant.

111 407 198 456 Ipse
224 407 489 456 magistratum
514 408 586 448 tibi
612 409 796 457 consulis,
824 410 902 458 ipse
929 410 1099 450 tribunal

163 461 342 508 Contulit,
372 463 616 511 auratumque
642 464 754 512 togae
782 464 938 503 donavit
964 464 1158 510 amictum,

163 515 276 554 Cuius
301 515 433 564 religio
459 515 530 555 tibi
556 516 728 565 displicet
756 516 835 568 (1),
865 529 886 557 ο
913 520 1133 566 pereuntum
1170 519 1248 558 625

161 569 341 607 Adsertor
366 569 508 618 divum,
538 570 640 609 solus
667 571 732 620 qui
758 571 1009 612 restituendos

160 622 322 661 Vulcani
349 623 555 673 Martisque
583 624 688 663 dolos
716 625 945 675 Venerisque
971 636 1137 678 peroras,

160 675 384 725 Saturnique
412 677 514 716 senis
542 678 602 727 (2)
630 678 790 727 lapides,
814 680 1032 730 Phoebique
1059 680 1225 720 furores:

159 730 302 768 Iliacae
329 731 461 769 matris
488 732 694 780 Megalesia
724 733 798 782 (3),
820 734 1006 773 Bacchica
1025 734 1137 783 Nysi‚

159 783 276 822 Isidis
303 784 484 823 amissum
513 797 657 835 semper
682 786 901 835 plangentis
927 788 1066 827 Osirim
1086 788 1145 837 (4)
1167 787 1246 826 630

159 837 327 884 Mimica,
356 837 582 887 ridendaque
609 839 689 878 suis
717 840 898 879 solemnia
924 842 1056 890 calvis,

157 891 208 928 Et
234 902 485 940 quascumque
513 892 636 931 solent
662 893 847 942 Capitolia
874 895 1059 944 claudere,
1086 895 1226 944 larvas.

158 944 190 982 Ο
217 944 389 994 linguam
416 945 509 984 miro
537 947 731 986 verborum
759 948 818 997 (5)
847 947 950 988 fonte
977 950 1169 998 fluentem,

157 998 319 1036 Romani
345 999 456 1038 decus
482 999 631 1049 eloquii,
660 1001 720 1039 cui
746 1002 854 1040 cedat
881 1005 918 1041 et
944 1003 1024 1052 ipse

129 1053 133 1057 '
156 1051 317 1099 Tullius,
347 1052 417 1091 has
444 1052 570 1091 fundit
596 1054 700 1093 dives
727 1054 905 1094 facundia
931 1061 1117 1106 gemmas!
1164 1056 1242 1098 635

158 1106 209 1144 Os
235 1105 408 1154 dignum,
437 1108 587 1146 aeterno
612 1108 772 1148 tinctum
799 1110 896 1158 quod
925 1111 1068 1161 fulgeat
1095 1124 1203 1156 auro,

155 1159 194 1196 Si
220 1159 351 1198 mallet
375 1160 530 1200 laudare
558 1162 693 1210 Deum,
723 1163 783 1201 cui
811 1164 961 1203 sordida
987 1168 1156 1206 monstra

155 1213 353 1261 Praetulit,
383 1215 421 1253 et
446 1214 628 1263 liquidam
654 1217 851 1256 temeravit
877 1218 1032 1259 crimine
1059 1232 1199 1260 vocem.

105 1367 108 1370 ,
164 1335 209 1374 (1)
236 1335 312 1366 Tibi
331 1335 494 1376 displicet.
515 1337 564 1368 Ad
585 1338 805 1378 Symmachum
826 1349 859 1371 se
881 1342 1051 1375 convertit.
1179 1380 1183 1384 1

165 1378 211 1416 (2)
232 1379 437 1419 Saturnique
456 1381 545 1411 senis
566 1380 703 1420 lapidea.
728 1382 773 1412 De
794 1382 942 1425 Saturno,
960 1385 1013 1422 qui
1035 1385 1169 1424 lapidem
1186 1396 1240 1426 pro

102 1417 168 1449 filio
187 1419 363 1460 devoravit,
387 1422 458 1452 vide
478 1421 558 1454 hist.
582 1423 771 1454 fabularum.
1246 1428 1251 1430 ’

165 1460 215 1501 (3)
236 1462 361 1492 Iliacae
374 1464 496 1494 matris
507 1464 699 1503 Megalesia.
722 1466 829 1496 Pridie
851 1475 949 1498 nonas
965 1469 1080 1507 apriles
1102 1470 1153 1501 hic
1174 1479 1239 1501 ma-

102 1502 157 1540 gni
179 1503 244 1533 ludi
265 1503 394 1536 fiebant.
417 1505 453 1535 V.
477 1505 569 1536 Ovm.
592 1506 635 1536 1v
656 1507 785 1540 Fastor.
812 1508 883 1541 179.
907 1508 972 1548 Quo
994 1511 1046 1542 die
1066 1512 1240 1550 putabatur

101 1544 232 1574 Romam
253 1545 309 1576 deo
325 1546 438 1576 aducta
451 1546 518 1577 ludi
533 1548 707 1584 agebantur
719 1549 772 1586 qui
785 1549 975 1587 Megalenses
986 1555 1078 1584 erant
1091 1554 1182 1584 dicti.
1198 1571 1237 1576 —

100 1585 252 1617 Basilica
274 1587 372 1626 Nysi.
394 1588 495 1627 Nysus
516 1590 672 1620 nutricius
686 1591 799 1622 Bacchi
830 1592 905 1630 fuit,
932 1602 970 1623 ex
993 1603 1051 1632 quo
1080 1604 1175 1626 unum
1199 1605 1240 1626 ex

100 1628 168 1658 eius
188 1630 420 1665 cognominibus
442 1631 619 1669 Dionysius.

163 1670 210 1709 (4)
219 1671 352 1701 osirim.
362 1672 519 1703 vacws
527 1673 683 1710 Fsuxfl'n
696 1675 828 1706 Octaui
840 1684 909 1715 cap.
919 1685 989 1714 xxi,
1008 1677 1089 1709 hunc
1105 1679 1239 1710 Osiridis

99 1711 196 1742 ritum
206 1715 358 1744 memorat
371 1717 404 1744 et
420 1723 478 1745 non
495 1714 594 1746 alium
609 1716 704 1746 fuisse
713 1717 752 1747 ab
766 1725 802 1748 eo
817 1718 967 1754 testatur,
983 1727 1072 1757 quem
1087 1720 1240 1752 describit

98 1753 250 1792 propheta
270 1754 416 1786 Exechiel
437 1756 522 1793 vm,
540 1757 589 1789 14.
616 1758 651 1789 V.
673 1758 796 1789 Samen
819 1759 867 1790 De
886 1761 967 1791 Diis
980 1763 1237 1802 Syr.Synta9m.

98 1794 157 1831 ΧῙ,
179 1805 206 1827 c.
230 1796 272 1830 X.
295 1796 477 1829 Sacerdotes
498 1799 547 1829 his
568 1800 682 1830 ritibus
703 1801 843 1831 addictos
864 1803 970 1834 calvos
991 1805 1142 1843 appellat,
1156 1805 1238 1842 quod

98 1837 172 1866 dum
193 1846 282 1868 sacra
303 1838 512 1871 huiuscemodi
524 1842 743 1880 operabantur,
754 1851 874 1874 comam
886 1845 1071 1876 iubebantur
1092 1847 1154 1877 sibi
1169 1849 1239 1877 ton-

0 1864 5 1878 ¹
24 1876 35 1892 '-
99 1878 182 1910 dere.

163 1919 214 1960 (5)
238 1921 426 1960 Olinyuam
447 1920 533 1955 miro
555 1925 766 1958 verborum...
788 1926 917 1958 Debitas
938 1928 1046 1960 laudes
1058 1930 1239 1961 adversario

0 1966 8 1990 ;’
22 1972 33 1992 2
97 1970 152 1992 suo
172 1970 233 1992 non
254 1963 369 1994 invidit
391 1966 592 2002 Prudentius,
614 1969 650 1998 ut
672 1969 775 2007 palam
797 1969 916 2000 faceret
937 1979 996 2001 non
1026 1973 1058 2002 in
1092 1972 1181 2002 illum
1203 1981 1236 2004 ο-

98 2004 184 2034 dium
206 2006 379 2037 exercuisse
399 2007 507 2044 unum,
522 2009 626 2040 sedin
653 2019 826 2048 perversam
853 2011 1027 2043 doctrinam
1054 2021 1146 2050 quam
1168 2015 1236 2045 tue-

98 2047 196 2076 retur.
226 2046 264 2077 V.
294 2048 337 2079 M.
374 2049 584 2088 Vibulenum,
618 2052 762 2083 Tableau
794 2045 1010 2093 a’E'zoquenae
1043 2056 1238 2086 Chretienne

98 2096 144 2117 au
171 2088 217 2118 IV
236 2087 346 2119 siecle.
371 2090 415 2120 Dc
435 2091 620 2129 Symmacho
642 2096 744 2125 autem
760 2096 794 2125 et
815 2095 849 2126 S.
877 2096 1040 2127 Ambrosio
1073 2099 1238 2138 praecipue

0 2113 9 2146 *-
31 2160 34 2162 ,
99 2130 144 2160 ibi
165 2138 237 2169 pag.
263 2131 336 2163 506.
361 2132 467 2164 Paris
487 2134 643 2166 Libram
664 2136 786 2167 mater
808 2137 946 2175 educar,
972 2140 1065 2172 1855.
