1566 2482
579 187 865 217 HAMAR'HGBNIA
1148 164 1151 166 ¹
1244 176 1293 217 81

156 302 324 349 Invidia,
352 299 554 349 impatiens
581 298 767 338 iustorum
791 296 934 347 gaudia
960 297 1069 336 ferre.

155 357 334 396 Hirsutos
359 355 450 394 iuba
477 354 597 392 densa
624 353 798 391 humeros
826 350 1199 401 errantibushydris

156 409 324 459 Obtegit‚
355 410 393 448 et
419 407 565 448 virides¹
586 406 812 445 adlambunt
838 416 904 444 ora
931 406 1114 444 cerastae.
1229 404 1306 443 135

155 466 242 513 Ipse
271 475 387 501 manu
413 463 568 510 laqueos
595 472 662 509 per
689 459 835 499 lubrica
862 459 930 497 fila
955 459 1111 498 reflexos

156 520 204 557 In
233 518 373 556 nodum
398 517 564 562 revocat,
594 514 771 562 facilique
801 512 980 562 ligamine
1007 514 1128 551 tortas

155 571 326 611 Innectit
351 570 519 619 pedicas,
550 579 755 616 nervosque
782 567 823 605 in
851 566 1006 605 vincula
1031 566 1170 605 tendit.

155 628 230 665 Ars
258 625 323 664 olli
353 624 412 673 (1)
441 625 594 672 captare
622 621 738 669 feras,
769 621 953 659 animalia
979 621 1091 659 bruta

155 679 313 719 Inretire
340 678 482 726 plagis,
512 676 723 715 retinacula
751 674 911 724 denique
939 674 1061 713 caecis
1228 672 1307 711 140

156 733 385 781 Indeprensa
412 731 503 770 locis
532 729 675 769 erranti
703 740 885 778 opponere
914 728 1088 777 praedae.

157 787 231 826 Hic
259 786 324 824 ille
351 787 409 824 est
436 786 592 823 venator
620 785 741 830 atroX,
772 782 837 831 qui
863 782 974 821 caede
999 781 1191 830 frequenti

156 841 336 880 Incautas
365 839 512 877 animas
531 849 607 876 non
628 838 752 876 cessat
769 837 929 884 plectere
957 835 1128 874 Nebroth
1157 834 1241 884 (2);

156 894 229 941 Qui
255 893 438 932 mundum
465 892 589 932 curvis
618 890 851 930 anfractibus
878 891 915 928 et
942 889 1092 928 silvosis
1112 890 1172 939 (3)

157 949 382 987 Horrentem
410 945 591 995 scopulis,
622 945 772 984 versuto
799 943 932 982 circuit
959 944 1061 990 astu,
1228 941 1305 980 145

157 1001 299 1042 Fraude
327 1001 421 1039 alios
448 1000 631 1048 tectisque
659 997 755 1037 dolis
782 997 970 1036 innectere
999 997 1176 1035 adortus:

158 1059 272 1095 Porro
298 1054 488 1103 giganteis
515 1053 610 1092 alios
636 1052 812 1091 luctando
837 1050 989 1090 lacertis
1012 1098 1017 1102 α

159 1110 358 1158 Frangere,
387 1108 556 1147 funereos
582 1107 658 1146 late
686 1117 850 1145 exercere
877 1104 1097 1153 triumphos.

157 1162 333 1212 Improba
360 1173 459 1201 mors
488 1162 564 1210 (4),
587 1160 678 1209 quid
696 1171 772 1198 non
791 1158 965 1198 mortalia
982 1159 1132 1206 pectora
1158 1157 1263 1206 cogis
1278 1159 1296 1194 Ῥ

158 1217 245 1265 Ipse
259 1227 365 1255 suam
377 1215 507 1265 (pudet
520 1215 593 1253 heu
607 1214 637 1264 !)
648 1214 833 1253 contemto
849 1213 926 1261 (5),
940 1212 1106 1261 principe
1117 1211 1216 1250 vitae
1228 1211 1248 1249 1
1256 1211 1305 1249 50

157 1270 364 1309 Perniciem
391 1269 589 1308 veneratur
616 1269 749 1307 homo:
781 1266 872 1306 colit
898 1266 977 1314 ipse
1005 1266 1200 1304 cruentum

157 1323 391 1370 Carnificem,
428 1322 618 1371 gladiique
643 1321 766 1376 aciem
793 1319 1021 1369 iugulandus
1050 1319 1193 1358 adorat.

158 1379 207 1416 In
234 1378 383 1416 tantum
409 1376 556 1415 miseris
583 1375 726 1424 peccati
753 1375 902 1413 nectare
930 1373 1051 1422 captis

159 1431 274 1470 Dulce
302 1430 396 1469 mori
423 1431 507 1469 est!
538 1431 648 1468 tanta
661 1429 700 1467 in
719 1428 885 1467 tenebris
905 1427 948 1466 de
967 1428 1071 1476 peste
1099 1426 1274 1474 voluptas
1289 1428 1307 1463 ἱ)

157 1485 228 1532 Qui
255 1485 359 1523 mala
385 1483 569 1532 principio
596 1483 742 1532 genuit,
772 1482 873 1524 Deus
901 1493 982 1520 esse
1007 1481 1186 1529 putatur:
1228 1479 1305 1518 155

156 1539 298 1588 Quique
323 1539 424 1577 bona
450 1537 582 1576 infecit
609 1537 728 1583 vitiis,
759 1537 797 1574 et
823 1535 986 1575 candida
1014 1534 1151 1583 nigris.

159 1594 234 1632 Par
261 1592 362 1631 furor
390 1591 553 1638 illorum,
585 1601 677 1638 quos
704 1588 822 1627 tradit
848 1589 951 1626 fama
978 1588 1112 1626 dicatis

221 1712 266 1750 (1)
289 1711 361 1741 olli.
383 1709 558 1741 Archaism.
574 1717 630 1748 pro
645 1709 712 1739 illi.
736 1708 774 1738 V.
791 1708 870 1738 ollis
885 1707 1065 1744 Hamartig.
1091 1706 1164 1746 731,
1190 1706 1252 1737 etc.
1266 1722 1308 1728 —

159 1755 261 1791 feras,
284 1752 426 1789 intellige
440 1751 601 1788 mortalem
616 1751 668 1789 qui
695 1751 734 1781 ob
757 1750 918 1789 corruptos
940 1757 1041 1780 mores
1070 1750 1207 1780 ferarum
1240 1748 1307 1779 ritu

163 1797 284 1827 vivunt.

223 1838 270 1876 (2)
292 1836 447 1867 Nebroth.
464 1836 516 1866 Ita
534 1844 577 1867 m.
591 1834 798 1865 ss.-G1sa.
815 1834 1005 1864 Nembroth.
1023 1833 1069 1864 De
1084 1840 1119 1862 eo
1134 1832 1172 1862 V.
1191 1832 1304 1862 Genea.

160 1880 202 1916 X,
226 1880 257 1909 8.
280 1879 317 1909 In
335 1879 555 1909 Sermonum
578 1879 685 1908 tamen
707 1874 866 1922 Νεβρώδ.
895 1876 941 1907 Ob
969 1875 1116 1906 ferociam
1138 1873 1305 1905 crudelita-

161 1931 285 1962 temque
300 1925 434 1962 insignis
456 1926 617 1962 tamquam
640 1924 769 1954 daemon
793 1924 938 1954 habetur.

224 1966 276 2008 (3)
298 1967 445 2005 silvosi35
465 1966 555 1998 codd.
571 1966 658 1996 Vatt.
675 1975 717 1996 m.
735 1974 791 1999 ssa
810 1965 959 1995 Hemsws
971 1964 1004 1993 in
1025 1963 1142 1993 Addit.
1155 1971 1195 1993 ex
1208 1961 1304 1993 Bobe-

163 2010 248 2039 riano
269 2009 374 2039 codice
395 2008 562 2047 descripsit
582 2008 740 2039 sinuosi&
763 2007 850 2037 Vers.
866 2005 1026 2044 spondaic.

223 2051 269 2090 (4)
293 2050 441 2089 improba
458 2059 558 2080 mors.
579 2049 675 2085 Mors,
688 2050 859 2087 metonym.
874 2056 930 2086 pro
948 2047 1105 2083 daemone,
1119 2047 1172 2085 qui
1194 2046 1306 2077 mortis

163 2093 223 2124 suit
233 2101 327 2123 causa
337 2108 379 2114 —
388 2092 470 2131 quid
481 2101 546 2122 non
558 2091 715 2122 mortalia
720 2093 854 2130 pectora
865 2089 974 2128 ooyis?
986 2088 1080 2122 vm.
1091 2090 1173 2120 Aen.
1182 2088 1242 2126 111,
1252 2088 1304 2119 56.

224 2135 270 2174 (5)
292 2137 457 2170 contemto,
480 2136 514 2164 et
534 2133 638 2164 multi.
662 2149 701 2156 —
724 2133 866 2165 Gisnrm.
889 2133 1076 2171 contempto.

250 2213 268 2242 Α
275 2235 282 2244 .
308 2212 434 2243 ravos)
440 2219 485 2242 τιι
509 2211 626 2251 Opera.
1202 2209 1222 2240 ὃ
