1566 2482
0 94 11 115 '¹

7 138 30 173 ‚2‘

11 2399 30 2417 ‚s
11 2272 29 2384 „mv-⁴

420 170 462 199 m
489 150 810 198 neronomcmm
837 165 1049 196 ramum
1230 153 1308 194 125

163 282 332 329 Possint,
361 282 485 330 figura
511 281 724 319 noverimus
750 278 924 327 mystica.

164 337 252 375 Mox
278 335 358 383 ipse
386 334 573 382 Christus,
603 333 667 383 qui
694 333 871 372 Sacerdos
898 342 1008 370 verus
1034 329 1092 369 est
1121 330 1197 381 (1),

164 391 323 428 Parente
352 390 466 427 natus
493 388 571 427 alto
598 389 635 427 et
662 386 856 433 ineffabili,
1258 386 1310 423 60

164 444 297 483 Cibum
324 442 445 482 beatis
473 443 630 481 offerens
657 441 862 480 victoribus
891 439 969 489 (2),

163 499 327 536 Parvam
353 496 480 546 pudici
506 496 629 535 cordis
657 495 816 533 intrabit
843 505 985 540 casam,

162 553 380 590 Monstrans
407 551 583 589 honorem
610 547 808 588 Trinitatis
834 547 1021 595 hospitae.

162 605 342 645 Animam
369 604 503 643 deinde
532 603 688 653 spiritus
715 601 971 652 complexibus

164 659 230 698 Pie
257 658 448 706 maritam,
477 658 593 707 prolis
620 658 806 706 expertem
835 656 914 703 diu,
1259 655 1309 692 65

165 713 293 758 Faciet
318 711 473 761 perenni
500 711 659 751 fertilem
690 711 750 761 (3)
780 710 824 749 de
852 710 1007 749 semine.

162 768 266 806 Tunc
293 778 376 805 sera
402 767 524 805 dotem
554 766 614 815 (4)
642 765 838 814 possidens
863 775 1058 812 puerpera,

164 821 332 860 Haerede
362 820 477 869 digno
505 819 632 858 Patris
660 818 829 867 implebit
857 818 1022 856 domum.

166 944 295 974 sormam
319 944 434 978 (trucis,
457 943 491 973 et
511 943 671 979 significat
693 942 772 976 300:
797 942 822 971 L
844 950 916 971 vero
944 941 978 971 et
1006 941 1035 970 N
1056 941 1161 970 decem
1193 941 1226 969 ct
1247 942 1314 969 octo

164 986 346 1024 exprimunt
366 994 476 1016 nomen
498 982 596 1020 Iesus,
619 982 773 1032 Ἰησοῦς.
800 984 877 1013 Vide
899 983 1098 1014 Coram-:mvn
1119 983 1152 1012 et
1181 982 1312 1011 Memn-

165 1042 230 1064 οη
253 1034 285 1063 iu
306 1035 380 1064 Not.
406 1032 690 1072 (adnotationibus)
713 1032 752 1062 ad
775 1032 938 1062 Barnabae
966 1031 1152 1070 Epistolam.
1177 1042 1194 1058 »
1219 1031 1313 1062 Hisce

163 1076 352 1114 praemissis,
367 1075 528 1106 Prudentii
552 1074 744 1110 intellectus,
759 1074 788 1103 si
801 1074 841 1103 ad
860 1082 958 1103 mores
972 1074 1096 1104 nostros
1111 1075 1310 1122 comparatus

165 1118 273 1149 fuerit.
296 1118 342 1148 sic
363 1127 396 1149 se
411 1117 561 1147 habebit:
586 1125 642 1147 nos
659 1117 691 1146 in
713 1116 860 1146 vitiorum
883 1116 1068 1152 certamine,
1086 1115 1167 1152 quod
1183 1116 1312 1151 inimus,

166 1160 246 1190 satis
260 1159 342 1190 dites
357 1161 390 1190 et
412 1160 554 1198 potentes
575 1158 710 1195 futuros,
732 1158 760 1188 si
784 1156 904 1189 Christi
926 1166 1048 1188 crucem
1070 1158 1196 1194 eiusque
1211 1158 1310 1188 virtu-

166 1203 229 1232 tem
251 1202 285 1232 et
306 1201 524 1232 excellentiam
541 1201 716 1231 noverimus
727 1199 799 1233 :vel
815 1200 843 1229 si
859 1199 953 1237 (quod
975 1195 1080 1230 eodem
1101 1199 1228 1239 recidit)
1245 1208 1312 1230 eam

166 1244 378 1274 firmissimam
400 1243 490 1273 fidem
514 1242 747 1278 retinuerimus,
765 1250 858 1279 quam
877 1242 910 1271 in
926 1242 1058 1272 Arianos
1079 1241 1219 1272 ostendit
1234 1242 1315 1272 ceie-

166 1287 221 1315 bre
243 1285 316 1315 illud
340 1286 471 1316 Patrum
486 1284 671 1321 Concilium,
694 1283 775 1322 quod
798 1284 973 1314 trecentum
996 1284 1167 1314 octodecim
1186 1291 1315 1314 numero
1376 1307 1379 1310 Δ

167 1327 344 1358 constabat.

230 1368 279 1410 (1)
302 1369 362 1408 qui
382 1368 540 1399 Sacerdos
562 1377 659 1398 verus·
679 1370 735 1398 est.
759 1367 796 1397 V.
820 1367 949 1398 Psalm.
966 1366 1052 1402 CIX;
1077 1367 1109 1398 S.
1133 1368 1250 1403 Pam..
1275 1367 1315 1398 ad.

167 1411 270 1442 Hebr.
293 1412 324 1442 6.

229 1453 274 1491 (2]
297 1453 424 1483 Cibum.
441 1452 520 1482 Ecce
534 1452 624 1481 nobis
641 1451 693 1482 SS.
711 1451 948 1481 Eucharisticas
962 1451 1076 1490 Dapos,
1092 1459 1169 1489 quas
1192 1451 1314 1488 quoties

167 1494 205 1524 de
228 1495 323 1525 altari
344 1494 528 1527 delibamus,
553 1493 648 1523 toties
675 1493 864 1524 Trinitatem
895 1493 927 1522 in
956 1502 1012 1523 nos
1042 1493 1125 1531 ipsos
1147 1494 1313 1531 recipimus

169 1545 222 1574 per
243 1537 540 1570 concomitantiam,
564 1535 611 1565 uti
634 1543 736 1565 rerum
751 1535 931 1565 divinarum
952 1535 1098 1572 magistri
1123 1535 1268 1565 tradunt.

232 1578 276 1615 (3)
298 1579 396 1615 faciet
410 1577 563 1614 fertilem.
577 1577 634 1615 Qui
649 1576 689 1607 ad
704 1576 811 1607 Sancti
827 1577 910 1613 Agni
926 1577 1021 1614 dapes
1036 1576 1188 1607 accedunt
1209 1577 1314 1607 sciunt

170 1621 246 1657 quot
266 1619 440 1650 virtutibus
461 1619 645 1649 roborentur
666 1619 706 1649 ad
726 1627 880 1648 summam
902 1619 988 1649 vitae
1009 1619 1215 1649 sanctitatem
1238 1619 1313 1649 reti-

169 1662 313 1692 uendam.

233 1703 280 1742 (4)
301 1712 376 1734 sera
390 1702 509 1732 dotem.
526 1702 600 1740 Dos,
622 1711 642 1733 a
663 1700 752 1746 δὸω,
781 1702 830 1732 est
851 1702 1003 1739 quidquid
1024 1702 1143 1741 puellae
1164 1702 1260 1733 datur
1282 1702 1315 1732 in

170 1751 402 1782 matrimonium
420 1751 599 1788 collocatae,
614 1750 654 1781 ad
668 1750 792 1780 alendos
807 1750 1041 1787 educandosquo
1055 1750 1179 1780 liberos.
1202 1750 1314 1780 Trans-

170 1794 234 1824 late
259 1793 363 1833 animi⁴
381 1793 488 1829 dotes,
517 1793 669 1824 virtutes.
702 1793 862 1829 vitamque
892 1793 1016 1823 beatam
1044 1794 1078 1822 et
1107 1792 1227 1823 felicem
1258 1791 1314 1823 hoc

169 1835 292 1866 nomine
313 1835 530 1872 intelligimus.
556 1852 594 1856 —-
615 1843 692 1865 sera
715 1843 886 1873 puerpera
903 1834 1012 1874 pmlt's
1040 1835 1150 1865 anima
1183 1834 1315 1870 dicitur,

170 1886 250 1915 quae
271 1877 324 1907 diu
345 1877 499 1907 virtutum
520 1885 642 1915 expers,
664 1877 789 1906 tandem
812 1876 962 1907 foecunda
983 1878 1017 1907 et
1038 1877 1190 1907 exornata
1210 1877 1271 1908 est.
