1566 2482
760 159 764 163 .
855 135 924 169 ‘est
992 144 997 146 -

430 203 575 237 con-rm
601 179 798 235 mem
823 179 1036 236 omnem
1224 193 1302 235 189

161 316 285 366 Atque
311 317 369 364 ut,
398 316 533 363 Roma,
562 316 646 355 tuos
673 315 827 355 caelesti
854 327 899 355 ex
925 315 1229 367 sedebparentes,

215 371 307 417 Quis
333 371 370 409 te
398 369 597 409 semideam
625 369 770 409 iactant
796 370 1012 409 auctoribus
1044 371 1178 418 ortam,
1224 369 1302 410 165

213 423 496 473 Praestringam
511 423 688 471 breviter,
708 423 912 464 Gradivum
928 424 986 462 vel
1002 424 1207 473 Cytherean
1218 423 1300 475 (1).

213 477 284 517 Ille
312 478 537 517 sacerdotem
566 477 626 526 (2)
659 477 800 516 violat:
831 480 963 517 contra
989 473 1057 516 illa
1084 477 1220 517 marito

214 531 428 570 Succumbit
454 531 635 581 Phrygio.
667 532 797 571 Coitus
824 530 897 570 fuit
924 534 1046 581 impar
1072 531 1234 580 utrique.

213 586 292 624 Nec
318 586 488 624 terrestre
517 585 623 623 deam
652 585 776 624 decuit
802 585 970 624 mortalis
998 585 1097 624 obire

218 638 456 688 Coniugium,
473 650 541 678 nec
559 638 773 678 caelicolam
791 639 1009 678 descendere
1023 639 1204 688 ephebum
1224 637 1302 678 170

211 693 382 742 Virginis
410 693 459 731 ad
486 692 635 740 vitium,
664 693 874 742 furtivoque
901 693 989 742 igne
1017 693 1151 732 calere.

213 747 283 785 Sed
311 747 438 786 Venus
464 748 624 796 augusto
652 747 696 785 de
724 747 908 796 sanguine
936 747 1089 794 femina,
1119 746 1187 785 vili

210 800 434 849 Privatoque
461 801 540 839 viro
573 800 729 839 vetitum
756 813 840 849 per,
845 800 1006 844 dedecus
1034 800 1169 840 haesit.

210 854 275 902 Et,
306 855 336 893 si
366 855 471 894 Rhea
500 865 646 892 sacram
671 854 804 893 lascivi
832 854 966 893 Martis
994 864 1118 893 amore

211 908 311 947 Lusa
338 907 556 956 pudicitiam
584 907 728 946 fluviali
756 907 884 946 amisit
910 907 950 946 in
979 908 1080 954 ulva,
1214 906 1291 945 175

211 961 434 1000 Crediderim
462 972 663 1010 generosae
691 961 854 1010 aliquem
882 961 1025 1010 stirpis,
1057 961 1122 1000 sed
1141 961 1299 1000 eundem

209 1015 374 1054 Moribus
402 1014 595 1062 infamem,
625 1026 836 1064 compressa
864 1015 1010 1064 virgine
1038 1026 1103 1063 per
1130 1015 1222 1063 vim,

207 1070 252 1107 Se
280 1069 418 1108 dixisse
446 1069 570 1116 deum,
609 1081 654 1107 ne
683 1071 854 1118 stuprum
881 1068 1048 1107 numinis
1076 1068 1178 1107 ullus

209 1122 375 1162 Obiicere
403 1123 556 1161 auderet
582 1123 684 1171 turpi
711 1123 940 1171 miseraeque
966 1122 1126 1172 puellae.

208 1176 313 1215 Haec
340 1176 459 1215 Italos
477 1176 625 1215 induxit
652 1188 742 1215 avos
769 1177 828 1215 vel
846 1177 963 1223 fama,
994 1176 1054 1215 vel
1072 1187 1186 1224 error,
1219 1174 1296 1214 180

206 1230 344 1268 Martia
371 1230 548 1269 Romuleo
576 1230 805 1269 celebrarent
832 1231 875 1268 ut
902 1242 1009 1268 sacra
1037 1230 1175 1278 Campo
1206 1230 1261 1279 (3)
1282 1243 1292 1277 3

206 1284 329 1332 thm
358 1283 545 1322 Palatinis
576 1284 635 1333 (4)
666 1284 850 1332 Capitolia
878 1283 1029 1323 condita
1057 1284 1159 1322 saxis

206 1337 408 1386 Signarent
433 1337 544 1376 titulo
571 1338 700 1386 proavi
727 1337 845 1384 Iovis,
881 1339 992 1386 atque
1025 1338 1204 1386 Pelasgae

207 1390 391 1439 Palladis,
422 1393 459 1430 et
487 1391 627 1440 Libyca
655 1392 837 1430 Iunonem
865 1403 909 1430 ex
929 1403 1012 1430 arce
1028 1390 1088 1442 (5)
1104 1391 1293 1430 vocarent.

207 1444 395 1494 cognatos
409 1445 453 1483 de
468 1445 588 1484 Marte
603 1445 705 1493 deos,
722 1444 878 1485 Veneris
896 1456 1040 1494 quoque
1056 1444 1197 1484 nudum
1217 1443 1294 1483 185

196 1604 243 1643 (1)
267 1603 452 1635 Gradivum
475 1605 524 1634 vel
546 1605 749 1643 cytheream.
773 1605 858 1635 Mars
883 1605 932 1635 est
957 1604 1060 1635 dictus
1082 1613 1103 1635 a
1124 1603 1296 1642 gradiendo

153 1646 237 1677 ultro
259 1646 399 1684 citroque
420 1647 453 1676 in
474 1646 569 1683 bella,
591 1647 639 1677 uti
661 1646 730 1677 vult
757 1646 885 1683 FESTVS,
909 1646 958 1677 vel
989 1646 1028 1677 nb
1055 1646 1164 1677 hastae
1191 1647 1294 1678 vibra—

152 1689 251 1724 tione,
273 1696 351 1727 quae
367 1697 416 1719 res
442 1697 551 1726 graece
578 1689 697 1720 dicitur
719 1686 927 1734 κραδαίνεινς
949 1688 997 1718 vel
1020 1688 1117 1719 etiam
1139 1697 1158 1718 a
1179 1697 1292 1720 corona

152 1736 312 1776 graminea
333 1743 395 1773 qua
415 1736 567 1773 cingitur.
590 1736 694 1767 Venus
727 1738 832 1768 autem
865 1737 1108 1774 cognominatur
1134 1738 1291 1776 Cytherea

152 1778 192 1808 ab
215 1776 314 1808 insula
335 1777 472 1816 Cythera
493 1778 526 1808 in
554 1787 609 1809 ora
637 1778 854 1818 Peloponnesi,
875 1787 936 1818 quo
957 1779 1074 1810 chonca
1095 1780 1218 1811 marina
1239 1780 1292 1811 td·

152 1820 278 1850 vectam
298 1817 491 1852 fabulantur.

215 1861 261 1899 (2)
282 1861 497 1892 sacerdotem:
520 1861 640 1893 Rheam
668 1862 811 1899 Silvium,
836 1863 960 1894 Romuli
992 1863 1139 1894 matrem.
1162 1877 1203 1886 -—-
1224 1872 1292 1894 ma-

151 1903 216 1933 rito
237 1903 397 1942 Phryqio.
421 1903 570 1936 Anchise.

214 1944 260 1982 (3)
280 1945 434 1975 Romuleo
454 1954 580 1985 campo.
604 1946 654 1976 cui
676 1947 784 1985 postea
811 1955 923 1977 nomen
944 1955 1053 1986 campo
1074 1947 1192 1978 Martio
1215 1946 1290 1980 fuit.

214 1986 261 2024 (4)
287 1986 390 2025 thue
409 1987 580 2018 Palatinis
601 1988 799 2027 capitolia...
822 1989 939 2019 Notum
961 1990 1010 2019 est
1038 1993 1176 2019 montem
1199 1989 1291 2019 Paia-

151 2027 255 2058 tinum
278 2027 373 2058 alium
393 2030 520 2060 omnino
540 2038 609 2060 esse
628 2039 663 2060 ac
684 2032 782 2061 mont.
806 2030 1032 2070 Capitolinum,
1057 2039 1186 2068 quorum
1210 2030 1292 2061 alter

151 2068 193 2100 ab
213 2069 315 2100 altero
334 2069 513 2107 seiungitnr
534 2070 600 2102 foro
623 2071 842 2104 interiacente.
866 2073 968 2113 Quare
991 2072 1091 2103 latius
1119 2071 1172 2104 hic
1193 2071 1292 2104 Pala-

149 2111 236 2142 tinus
258 2120 345 2142 mons
366 2120 421 2150 pro
443 2112 580 2150 quolibet
599 2113 678 2144 colle
699 2114 847 2146 Romano.

214 2153 260 2193 (5)
282 2153 407 2194 Lybica
428 2163 469 2185 aa:
490 2163 584 2186 arce:
605 2163 622 2187 e
643 2155 846 2195 Carthagine.
