1612 2554
387 250 1073 332 APOTHEOSIS

348 669 636 708 PRAEFATIO
666 669 724 706 IN
744 663 1071 707 APOTHEOSIN
1093 667 1113 690 ’¹‘

160 860 231 898 Est
242 859 316 898 tria
330 870 475 898 summa
490 860 589 898 Deus
602 858 678 908 (1),
688 859 829 898 trinum
844 859 1045 908 specimen,
1058 858 1165 907 vigor
1178 869 1297 898 unus:

161 913 276 952 Corde
295 913 421 952 Patris
439 913 569 962 genita
587 914 643 951 est
661 913 866 961 Sapientia,
888 913 1006 951 Filius
1035 913 1113 960 ipse
1132 915 1203 951 est.

159 967 317 1006 Sanctus
335 967 384 1006 ab
402 969 551 1006 aeterno
570 966 744 1006 subsistit
761 966 920 1015 Spiritus
938 977 1012 1005 ore.

159 1020 334 1069 Tempore
353 1033 421 1060 nec
440 1020 563 1060 senior
581 1021 693 1059 Pater
711 1021 783 1068 est,
804 1031 873 1059 nec
890 1020 1031 1058 lumine
1051 1019 1191 1066 mai0r3

159 1074 260 1112 Nam
278 1075 427 1123 sapiens
445 1076 542 1114 retro
561 1086 705 1123 semper
722 1075 824 1113 Deus
842 1073 958 1112 edidit
975 1085 1019 1112 ex
1038 1085 1092 1121 se,
1277 1074 1299 1111 5

160 1128 231 1166 Per
249 1129 347 1177 quod
365 1140 507 1177 semper
525 1130 606 1167 erat
623 1127 816 1177 gignenda
833 1127 883 1166 ad
901 1127 1064 1175 saecula,
1087 1128 1264 1166 Verbum.

158 1181 276 1221 Edere
295 1183 360 1222 sed
377 1183 539 1221 Verbum
557 1181 683 1221 Patris
702 1183 781 1221 est:
804 1183 844 1220 at
862 1182 982 1220 cetera
1000 1180 1128 1228 Verbi,

158 1235 409 1284 Adsumptum
426 1237 573 1285 gestare
590 1236 791 1283 hominem,
811 1247 982 1283 reparare
999 1236 1218 1284 peremtum,

160 1288 367 1329 conciliare
386 1289 506 1337 Patri,
529 1290 729 1338 dextraque
747 1289 788 1327 in
809 1290 892 1328 sede
911 1289 1046 1328 locare.

222 1426 265 1467 (⁴)
286 1426 474 1466 Apotheosis
488 1436 548 1457 vox
563 1435 675 1464 graeca
688 1427 749 1462 est,
766 1426 876 1457 latinis
886 1426 1005 1457 litteris
1016 1425 1191 1464 descripta3
1206 1426 1300 1463 atque

159 1470 424 1500 consecrationem
437 1469 609 1506 sig-nificat,
622 1477 676 1502 seu
691 1468 796 1507 potius
811 1468 948 1499 hominis
958 1467 1112 1499 demortui
1127 1468 1212 1498 inter
1227 1467 1301 1498 deos

157 1510 354 1541 relationem.
377 1510 550 1550 Imperator
564 1510 653 1542 Caes.
669 1510 832 1548 Augustus
852 1508 1047 1543 ἀποθέωσιν
1067 1510 1187 1549 primus
1207 1509 1303 1540 insti-

158 1558 225 1589 tnit
243 1558 330 1589 inter
350 1559 516 1595 Romanos,
541 1559 606 1596 qui,
628 1559 677 1589 uti
699 1559 808 1589 narrat
828 1557 1015 1594 szromvs,
1033 1558 1067 1589 C.
1090 1557 1205 1588 Iulium
1227 1556 1299 1587 Cae-

158 1609 259 1631 sarem
267 1601 366 1630 Deum
378 1599 626 1638 fecit,deumque
639 1600 776 1631 colieum
786 1600 891 1631 iussit.
904 1598 1299 1639 (V.1.Caes.LXXXvn1).

158 1642 253 1672 Ritus
274 1643 307 1672 in
329 1642 490 1681 apotheosi
511 1643 651 1672 servatos
672 1641 806 1679 legimus
830 1643 904 1680 apte
929 1642 1102 1680 descriptos
1128 1641 1162 1671 in
1190 1640 1302 1671 Hero—

159 1684 252 1714 dian.
274 1684 329 1720 IV,
353 1685 386 1716 2.
401 1683 592 1714 Prudentius
613 1684 719 1714 autern
734 1683 791 1714 hoc
806 1686 916 1722 poema
930 1683 1122 1714 didacticum
1136 1683 1302 1722 inscripsit

159 1725 363 1765 Apotheosin,
386 1734 442 1756 seu
466 1725 696 1763 Divinitatem,
719 1725 800 1763 quod
821 1726 866 1755 ibi
887 1725 926 1756 de
946 1725 1018 1756 Iesu
1040 1724 1160 1756 Christi
1182 1724 1299 1755 'divini-

158 1770 228 1798 tate
248 1768 329 1805 agit,
351 1768 484 1805 aliisque
510 1767 548 1799 de
574 1768 667 1798 rebus
693 1768 734 1798 ad
762 1767 794 1797 id
821 1768 1042 1806 argumentum
1068 1767 1298 1806 spectantibus.

159 1809 290 1841 Carmen
313 1810 364 1840 est
383 1809 542 1841 heroicum
565 1809 767 1847 dactylicum.

221 1850 271 1892 (1)
293 1851 354 1882 Est
375 1852 445 1881 tria
470 1860 601 1882 summa
627 1852 730 1882 Deus.
757 1851 984 1882 Huiuscemodi
1013 1851 1052 1881 de
1081 1851 1145 1881 Deo
1177 1859 1236 1881 uno
1266 1852 1299 1881 et

157 1893 243 1924 trino
256 1894 402 1932 loquendi
425 1894 507 1925 ratio
528 1893 614 1924 haud
634 1894 750 1924 absona
771 1894 804 1924 et
818 1893 952 1923 absurda
967 1892 1150 1923 christianis
1171 1892 1300 1923 auribus

158 1935 333 1973 continget,
354 1935 382 1966 si
403 1936 599 1967 notationem
620 1937 797 1974 spectemus
823 1934 1076 1969 Trinitatis,
1101 1942 1179 1971 quae
1200 1943 1239 1965 ex
1267 1934 1298 1965 S.

158 1977 275 2008 Th0ma
299 1978 350 2009 est
373 1978 480 2007 trium
503 1978 603 2017 quasi
627 1978 755 2008 unitas.
779 1977 831 2016 (V.
854 1975 983 2015 Quaest.
1009 1975 1129 2013 XXXI,
1152 1975 1223 2007 Art.
1251 1976 1296 2016 1).

159 2019 245 2050 Idem
271 2019 411 2058 Aquinas
438 2020 545 2051 doctor
572 2019 704 2051 cecinit:
737 2030 755 2048 α
777 2020 818 2050 Te
853 2019 949 2049 Trina
970 2019 1080 2049 Deitas
1104 2026 1226 2055 unaque
1247 2028 1299 2057 po·
1320 2038 1322 2040 ·

158 2061 312 2092 scimus„-
331 2072 349 2089 »
365 2062 414 2092 et:
434 2073 451 2090 «
468 2061 529 2092 Uni
544 2063 690 2100 trinoque
705 2061 837 2092 Domino
851 2061 902 2092 Sit
916 2061 1108 2100 sempiterna
1122 2060 1262 2098 gloria...
1280 2071 1298 2090 »

160 2103 292 2144 (Hymn.
319 2103 348 2141 l,
372 2106 405 2134 et
429 2104 464 2134 11
490 2105 523 2134 in
545 2103 579 2136 S.
604 2104 742 2135 Sacram.
775 2103 978 2143 Eucharist.).
