1566 2482
558 199 846 233 Psrcimmcma
1197 191 1273 231 131

129 316 210 356 Nec
234 315 311 355 iam
341 314 601 362 Christicolas,
632 313 814 353 furiarum
839 314 1015 363 maxima,
1042 314 1180 362 tentes,

128 370 181 408 Ut
207 371 370 420 purgata
398 380 465 408 suo
492 370 689 408 serventur
714 379 868 417 corpora
895 369 1004 418 Regi.
1036 382 1059 404 >›
1095 391 1140 397 —

128 423 283 462 Dixerat
310 424 402 462 haec
430 423 507 473 (1),
538 425 576 462 et
601 423 702 461 laeta
729 421 915 462 Libidinis
942 422 1156 462 interfectae

127 478 246 516 Morte
275 477 463 516 Pudicitia
491 476 551 527 (2)
581 477 750 525 gladium
776 476 952 516 Iordanis
979 477 1021 516 in
1048 477 1161 516 undis

126 531 259 570 Abluit
285 531 486 571 infectum:
518 531 644 570 sanies
673 531 733 570 cui
760 542 841 570 rore
868 531 1017 570 rubenti
1198 530 1274 570 100

127 586 327 631 Haeserat,
357 587 395 624 et
422 585 583 624 nitidum
611 585 820 624 macularat
849 585 1001 623 vulnere
1025 585 1179 624 ferrum.

127 639 266 687 Expiat
292 651 381 688 ergo
407 638 526 678 aciem
553 639 697 678 fluviali
724 640 833 678 docta
860 639 1011 678 lavacro

129 692 328 736 Victricem
354 693 504 740 victrix,
535 693 689 732 abolens
716 693 942 742 baptismate
968 693 1091 732 labem

127 747 289 785 Hostilis
316 747 459 796 iuguli:
490 759 558 786 nec
584 748 659 786 iam
686 749 861 786 contenta
889 747 1032 795 piatum

127 801 291 840 Condere
319 801 480 851 vaginae
507 801 675 851 gladium
704 802 780 849 (3),
811 813 857 840 ne
884 803 984 840 tecta
1012 801 1144 850 rubigo
1199 802 1274 841 105

128 855 291 903 Occupet
318 855 487 894 ablutum
514 856 688 894 scabrosa
724 856 830 894 sorde
864 855 1037 902 nitorem,

127 909 318 948 Catholico
343 909 384 948 in
411 910 549 958 templo
579 909 639 959 (4)
670 909 789 948 divini
816 909 932 949 fontis
960 910 1008 948 ad
1036 921 1141 947 aram

125 963 339 1010 consecrat,
370 965 523 1002 aeterna
550 964 752 1012 splendens
779 964 842 1002 ubi
871 964 952 1003 luce
980 967 1164 1003 coruscet.

671 1177 737 1214 III

239 1256 556 1310 PATIENTIAE
585 1272 647 1310 ET
677 1272 802 1311 IRAE
833 1272 1153 1311 CONGRESSVS

122 1397 218 1436 Ecce
245 1396 414 1436 modesta
440 1397 549 1446 gravi
577 1398 704 1436 stabat
731 1397 938 1445 Patientia,
970 1398 1077 1436 vultu

123 1451 195 1489 Per
223 1451 365 1489 medias
392 1451 546 1490 immota
573 1451 687 1499 acies,
718 1451 916 1500 variosque
943 1452 1144 1499 tumultus,
1196 1452 1274 1491 110

124 1505 361 1553 Vulneraque
389 1506 427 1543 et
453 1505 586 1554 rigidis
614 1505 747 1544 vitalia
774 1506 902 1552 pervia
930 1506 1018 1554 pilis

122 1559 323 1607 Spectabat
350 1559 471 1596 defixa
499 1559 624 1597 oculos
653 1559 729 1607 (5),
759 1560 797 1597 et
823 1560 926 1597 lenta
954 1560 1144 1598 manebat.

189 1683 234 1721 (1)
256 1683 402 1713 Dixerat
422 1683 500 1713 haec
520 1688 582 1715 etc.
593 1692 700 1714 versus
721 1683 916 1722 spondaieus.

187 1723 239 1765 (2)
262 1725 368 1755 Morte
388 1725 583 1756 Pudicitia-.-
605 1725 656 1755 hic
672 1727 924 1764 pentemimerem
947 1725 1042 1757 habes
1057 1735 1127 1757 cum
1143 1736 1273 1758 caesum

123 1767 229 1805 longa.
249 1767 282 1798 V.
299 1768 420 1806 Apoth.
445 1767 524 1803 833;
549 1765 744 1814 Ψυχομαχ.
767 1768 821 1804 41,
843 1768 920 1801 445.
941 1768 1016 1805 481.
1038 1770 1100 1799 etc.

185 1815 232 1854 (3)
255 1816 393 1853 vaqinae
412 1816 579 1854 yladium.
604 1817 710 1847 (ὶιεει.
737 1817 869 1854 caqina.
894 1816 953 1847 Sed
985 1825 1074 1846 casus
1103 1816 1197 1847 dandi
1225 1818 1274 1847 est

125 1857 157 1887 iu
179 1857 266 1887 codd.
290 1866 332 1888 m.
336 1866 378 1887 SS.
402 1857 537 1887 Hulnsio
559 1855 640 1887 teste
664 1855 718 1898 (ad
741 1857 832 1888 Ovid.
857 1859 991 1888 Metam.
1018 1858 1074 1894 IX,
1097 1858 1187 1897 362).

187 1898 239 1939 (4)
264 1898 428 1928 catholico
453 1900 490 1928 in
513 1900 670 1938 templo..,
696 1900 877 1930 Consecrat.
902 1901 937 1930 In
961 1901 1075 1938 templo
1102 1901 1163 1930 Deo
1183 1909 1273 1931 sacro

121 1941 295 1979 suspendit,
319 1941 480 1977 tamquam
503 1941 678 1972 donarium.
703 1941 756 1972 Sic
783 1942 883 1972 David
916 1941 945 1971 in
980 1942 1103 1972 Domini
1126 1943 1275 1973 taberna-

122 1982 191 2013 culo
212 1982 350 2019 gladium
372 1983 522 2021 reposuit.
548 1991 606 2020 quo
629 1983 736 2014 Goliae
757 1985 855 2022 caput
883 1984 1055 2016 exciderat.
1079 1983 1117 2015 V.
1139 1985 1220 2023 Ray.
1246 1985 1271 2021 Ι,

123 2025 198 2061 xxI,
218 2025 249 2055 9.
274 2023 328 2054 Vel
350 2025 409 2061 ipsi
431 2025 536 2062 popuii
558 2025 717 2056 veteribus
738 2025 1016 2063 superstitionibus
1032 2026 1147 2056 imbuti
1170 2032 1271 2063 arma,

122 2066 298 2103 vexillaque
321 2065 477 2097 militaria
497 2067 529 2096 in
551 2067 682 2097 Deorum
705 2067 831 2106 templis
852 2067 1038 2106 suspendere
1062 2068 1157 2098 moris
1179 2069 1271 2099 habe-

122 2108 211 2139 bant.
235 2107 273 2137 V.
298 2107 422 2138 Hoan.
445 2109 600 2146 Lyricor.
623 2108 681 2145 111,
703 2109 743 2146 V,
767 2109 817 2139 18.
842 2110 905 2148 ΕΡ.
930 2109 958 2145 I,
983 2109 1013 2144 1.
1037 2109 1071 2141 4.

184 2148 236 2190 (5)
259 2149 370 2187 defixa
391 2150 512 2185 oculos,
537 2160 591 2189 pro
613 2150 725 2183 defixis
747 2151 857 2190 oculis,
881 2149 1101 2200 ἑλληνισμός.
