1566 2482
296 163 372 202 250
666 175 819 203 Avitum
846 173 1048 203 PRVDENTII

346 281 499 329 Iamque
527 293 650 329 ruens,
681 283 841 321 Venetos
869 282 1002 321 turmis
1030 283 1249 331 protriverat
1276 294 1400 332 agros,

347 335 396 372 Et
415 334 594 382 Ligurum
613 337 781 373 vastarat
800 347 898 384 opes,
920 337 958 374 et
975 347 1130 375 amoena
1149 336 1322 383 profundi
1353 336 1430 376 700

349 388 450 425 Rura
469 388 574 435 Padi,
595 389 825 437 Tuscumque
845 389 962 427 solum
982 390 1080 433 >victo
1098 400 1206 427 amne
1226 391 1414 437 premebat

349 441 499 488 Depulit
525 441 593 479 hos
612 442 757 480 nimbos
777 442 942 490 equitum
961 440 1036 481 non
1054 443 1213 490 pervigil
1227 455 1335 482 anser
1351 442 1428 493 (1),

350 494 518 532 Proditor
545 495 680 533 occulti
705 496 899 534 tenebrosa
927 497 1035 534 nocte
1062 496 1212 544 pericli:

347 547 415 584 Sed
445 547 500 585 vis
527 548 640 586 cruda
666 548 801 595 virum,
832 549 1085 597 perfractaque
1113 549 1416 597 congredientum

348 601 517 647 Pectora,
538 613 606 638 nec
624 601 815 649 trepidans
833 602 981 640 animus
999 602 1234 641 succumbere
1250 603 1325 642 leto
1354 603 1429 641 705

347 654 419 691 Pro
433 654 568 701 patria,
581 655 618 692 et
630 655 822 702 pulch‘ram
836 667 900 703 per
910 655 1065 694 vulnera
1079 667 1253 704 quaerere
1266 656 1428 694 laudem.

349 707 537 754 Numquid
565 709 602 746 et
629 708 692 745 ille
711 708 790 746 dies
818 709 906 747 Iove
935 709 1092 746 contulit
1110 709 1260 756 auspice
1279 711 1426 747 tantum

353 760 508 798 Virtutis
536 761 721 808 pretium?
750 762 823 799 dux
850 761 1014 809 agminis
1043 761 1259 810 imperiique

355 813 625 861 Christipotens
640 815 747 852 nobis
763 815 909 853 iuvenis
938 814 1024 862 fuit,
1053 816 1090 853 et
1116 826 1237 854 comes
1263 816 1343 854 eius
1362 815 1422 866 (2)

348 868 470 914 Atque
488 878 624 914 parens
642 868 819 906 Stilicho:
837 869 937 906 Deus
957 879 1055 906 unus
1075 868 1244 907 Christus
1262 869 1421 916 utrique.

348 920 470 957 Huius
498 921 661 958 adoratis
690 921 887 968 altaribus,
917 922 954 959 et
981 933 1086 959 cruce
1114 921 1228 960 fronti
1335 920 1429 973 [710

347 973 549 1021 Inscripta,
571 974 731 1012 cecinere
751 975 884 1012 tubae:
907 974 1029 1021 prima
1053 975 1164 1013 hasta
1201 976 1378 1013 dracones

294 1132 354 1167 est,
376 1132 410 1161 et
432 1131 614 1168 vilissimae,
637 1140 716 1168 quae
737 1140 776 1162 ex
798 1132 916 1162 duobus
931 1132 1063 1170 pellibus
1077 1131 1187 1162 ferinis
1201 1133 1348 1162 contexta
1361 1140 1432 1162 con-

295 1174 374 1207 stat,
398 1181 516 1209 quaque
538 1173 629 1203 Sardi
651 1176 684 1203 et
704 1173 778 1203 olim
801 1175 939 1210 agrestes
961 1173 1109 1204 mortales
1124 1175 1226 1203 totum
1241 1182 1365 1211 corpus,
1379 1182 1432 1204 ex·

293 1214 395 1252 ceptis
416 1214 567 1250 brachiis,
589 1215 791 1252 cruribusque
820 1218 1031 1251 contegerent.
1061 1215 1143 1245 Huic
1171 1215 1339 1252 persimilis
1370 1215 1432 1246 fuit

294 1255 393 1284 vestis
415 1255 648 1292 Germanorum,
665 1265 742 1292 quae
757 1256 971 1294 appellabatur
988 1265 1101 1288 anano,
1119 1256 1196 1286 Vide
1209 1257 1324 1287 Ismou.
1345 1256 1433 1293 XIX,

293 1296 379 1332 Orig.
404 1297 459 1332 23;
483 1299 517 1327 et
531 1298 673 1337 varrn.
698 1298 723 1332 1,
748 1298 800 1329 25.
817 1298 926 1329 Smon.
943 1298 967 1335 1,
983 1298 1041 1335 Ep.
1066 1298 1096 1329 2.
1115 1306 1256 1336 proceres
1272 1299 1429 1328 mastruca

296 1338 423 1368 indutos
440 1339 575 1376 pellicos
596 1339 744 1377 appellat.

359 1390 403 1430 (1)
427 1400 490 1420 non
509 1392 651 1430 perviyil
667 1401 776 1423 anser.
801 1402 819 1420 «
836 1392 903 1422 Non
919 1392 998 1428 quod
1013 1392 1088 1422 olim
1103 1392 1222 1428 evenit,
1239 1400 1331 1428 quum
1346 1392 1430 1421 Man-

294 1433 355 1462 lius
375 1435 466 1462 nocte
487 1434 653 1463 subeuntes
675 1433 791 1470 hosteS,
816 1434 959 1470 clangore
980 1435 1098 1464 anseris
1127 1433 1250 1464 excitus
1271 1442 1290 1463 a
1311 1442 1433 1464 summa

295 1483 369 1546 rupe}
390 1474 550 1546 dgifflitss'
574 1475 609 1504 L.
637 1474 723 1506 Anu.
740 1475 873 1505 FLons.
901 1489 936 1500 =
963 1476 1108 1514 Epitome
1122 1475 1237 1505 Rarum
1261 1475 1432 1506 Romanar.

296 1517 329 1547 L.
373 1539 381 1552 ‚
428 1526 478 1554 ap.
525 1519 532 1530 ²
550 1539 556 1546 .

358 1569 403 1607 (2)
427 1570 664 1608 Christipotens
685 1570 815 1600 iuvenis
836 1571 903 1607 fuit
923 1572 953 1599 et
974 1578 1074 1599 comes
1089 1570 1172 1606 eius,
1194 1571 1297 1608 Atque
1306 1579 1432 1608 parens

295 1611 443 1640 Stilicho.
466 1611 690 1648 Imperatorem
712 1612 883 1641 Honorium
899 1615 1006 1641 aetate
1021 1612 1179 1641 florentem
1196 1611 1322 1641 honoris
1336 1619 1431 1641 causa

266 1686 268 1690 ι
294 1653 434 1682 nominat
448 1654 546 1690 poeta.
562 1653 604 1682 De
615 1661 649 1682 eo
666 1653 698 1683 V.
712 1653 886 1684 CLAVMAN.
902 1654 948 1682 Do
959 1653 1052 1682 Bello
1065 1653 1174 1682 Getico
1194 1652 1340 1689 XXVIII,
1355 1651 1430 1683 437.

295 1694 463 1723 Honorium
475 1695 589 1730 ,tamen
614 1703 734 1732 pugnae
756 1695 885 1724 minime
907 1694 1087 1724 interfuisse
1103 1703 1156 1732 pro
1171 1695 1256 1723 certo
1273 1694 1430 1725 habemus.

295 1737 447 1769 luvenem
468 1736 614 1774 appellat
635 1737 865 1773 imperatorem,
884 1736 937 1772 qui
954 1737 1014 1765 iam
1030 1737 1114 1765 esset
1128 1734 1187 1764 XX
1201 1743 1296 1764 annos
1310 1736 1425 1769 natus;

293 1777 346 1806 sed
357 1777 432 1807 licet
442 1785 495 1814 pro
508 1777 682 1806 istiusmodi
695 1777 770 1806 viris
782 1786 832 1807 eos
844 1778 968 1807 iuvenes
979 1777 1092 1806 latiore
1111 1776 1246 1812 quodam
1262 1785 1353 1806 sensu
1375 1784 1430 1806 no-

299 1819 427 1849 minare.
450 1818 611 1848 Curionem
635 1819 774 1848 iuvenem
797 1818 877 1847 dicit
899 1818 991 1848 TVLL.
1015 1818 1059 1847 ad
1083 1818 1185 1849 Attio.
1208 1817 1287 1848 ΧῙῙ.
1313 1818 1349 1847 ut
1363 1817 1428 1847 Ma-

294 1860 401 1890 nutius
423 1860 588 1889 annotavit
608 1859 637 1889 11
661 1860 774 1889 Famii.
798 1859 871 1895 XII,
893 1860 1016 1889 etiamsi
1042 1859 1236 1889 tricesimum
1250 1866 1365 1888 annum
1379 1867 1430 1889 ex-

296 1901 428 1933 cederet.
440 1917 483 1922 —
495 1901 537 1929 Et
563 1910 666 1930 comes
680 1901 750 1930 eius
766 1902 871 1939 Atque
883 1909 1005 1938 parens
1019 1900 1170 1932 Stilicho.
1188 1901 1294 1931 Comes
1311 1899 1432 1938 proprie

295 1943 344 1972 cst
365 1943 417 1979 qui
439 1950 507 1972 cum
531 1941 590 1972 alio
612 1943 673 1972 iter
694 1942 783 1976 facit,
807 1951 826 1971 a
847 1951 920 1971 cnm
935 1943 968 1971 et
982 1951 1026 1973 eo.
1045 1944 1085 1972 is.
1103 1942 1162 1972 Sed
1177 1943 1209 1971 in
1225 1942 1428 1979 scriptoribus

295 1984 378 2018 aevi,
402 1983 482 2020 quod
505 1985 627 2018 vocant,
650 1983 762 2019 medii,
786 1991 894 2013 nomen
918 1982 980 2012 fuit
1001 1983 1041 2013 ad
1062 1983 1250 2019 dignitatem
1274 1982 1426 2019 quandam

297 2026 470 2062 pertineam
485 2025 564 2054 unde
574 2026 757 2056 comitatus.
772 2024 807 2056 V.
822 2025 911 2056 Svm’.
926 2024 1036 2055 Seven.
1053 2024 1136 2054 Dial.
1153 2025 1195 2060 ΙΙ,
1209 2026 1240 2056 5.
1254 2041 1292 2046 -
1306 2025 1431 2054 Parens

295 2066 427 2095 Stilicho
454 2066 583 2096 Honorii
603 2075 697 2097 vsocer
720 2066 790 2096 luit.
823 2066 903 2095 Hinc
926 2066 1121 2103 apertissime
1150 2068 1240 2104 patet
1262 2066 1337 2095 haec
1351 2087 1359 2100 ,
1390 2065 1428 2095 de

297 2108 407 2143 quibus
428 2109 519 2145 poeta
539 2109 660 2144 narrat,
684 2112 756 2137 ante
779 2116 828 2138 an.
851 2107 944 2138 (ἴσον.
968 2107 1119 2137 evenisse.
