1566 2482
540 147 826 196 monciacum
1177 156 1253 195 133

107 279 305 319 Tinnitum
330 289 508 327 percussa
533 277 661 325 refert,
692 276 883 326 aciemque
911 277 1078 330 retundit

109 334 214 373 Dura
250 333 518 373 resultantem:
549 331 695 381 frangit
722 342 867 381 quoque
894 342 992 370 vena
1018 331 1168 371 rebellis
1197 332 1259 381 (1)

109 387 272 427 Inlisum
299 387 511 436 chalybem,
542 386 631 424 dum
658 386 785 425 cedere
813 385 942 424 nescia
969 397 1098 425 cassos

109 442 258 490 Excipit
285 441 473 488 adsultus,
504 439 654 478 ferienti
682 442 720 479 et
744 440 830 478 tuta
855 439 1016 478 resistit.

110 496 190 543 Ira,
219 495 285 534 ubi
312 495 478 535 truncati
505 494 695 533 mucronis
722 492 913 543 fragmina
940 493 1051 541 vidit,
1184 494 1259 532 145

110 550 161 588 Et
186 550 313 598 procul
341 549 536 598 inpartes
563 560 690 587 ensem
717 547 904 596 crepuisse
932 547 1122 594 minutas3

111 604 196 641 Iam
221 603 398 652 capulum
423 603 608 642 retinente
635 613 752 640 manu
780 602 862 640 sine
889 602 1051 650 pondere
1079 601 1185 649 ferri,

112 657 252 696 Mentis
278 658 402 706 inops,
432 658 523 696 ebur
549 655 696 703 infelix,
727 656 942 704 decorisque
969 656 1138 704 pudendi

112 711 261 750 Perfida
284 711 399 760 signa
426 710 569 758 abiicit,
598 707 910 758 monumentaqiie
936 710 1095 748 tristitia
1120 710 1232 758 longe

109 765 274 813 Spernit,
303 767 341 804 et
368 765 417 803 ad
435 764 626 813 proprium
644 763 881 803 succenditur
901 763 1012 802 effera
1038 764 1169 803 letum.
1183 764 1259 802 150

110 819 255 858 Missile
284 819 328 858 de
355 818 501 866 multis,
531 830 626 868 quae
652 818 794 857 frustra
820 819 1026 867 sparserat,
1057 829 1175 857 unum

111 872 271 911 Pulvere
299 873 342 911 de
370 872 493 921 campi
520 883 715 921 perversos
743 871 858 910 sumit
885 871 926 909 in
953 883 1068 918 usus3

113 926 241 965 Rasile
269 926 353 976 figit
379 926 484 965 humi
510 927 657 975 lignum
687 927 763 976 (2),
795 937 840 964 ac
869 937 908 963 se
935 926 1088 974 cuspide
1116 937 1226 965 versa

113 980 296 1028 Perfodit‚
327 981 364 1018 et
391 979 512 1019 calido
540 980 752 1028 pulmonem
779 979 936 1018 vulnere
963 980 1117 1019 transit.

112 1034 233 1081 Quam
267 1046 377 1084 super
409 1034 599 1073 adsistens
633 1034 844 1073 Patientia:
876 1055 928 1060 —
958 1048 980 1070 ‹<
1010 1034 1185 1081 vicimus,
1209 1033 1266 1071 in-

1062 1088 1159 1136 quit,
1185 1086 1262 1125 155

111 1141 317 1180 Exsultans
345 1141 493 1189 vitium,
524 1141 638 1180 solita
664 1141 816 1188 virtute,
847 1141 930 1179 sine
957 1086 1060 1180 ullo[

110 1195 315 1244 Sanguinis
342 1208 386 1235 ac
414 1195 514 1234 vitae
541 1195 778 1235 discrimine:
810 1195 871 1234 lex
898 1195 1012 1234 habet
1039 1193 1143 1234 istud

111 1250 254 1288 Nostra
281 1261 401 1299 genus
428 1249 532 1298 belli,
562 1250 682 1288 furias
710 1261 931 1297 omnemque
958 1249 1143 1289 malorum

110 1303 302 1351 Militiam,
333 1306 370 1342 et
395 1303 549 1343 rabidas
574 1304 768 1343 tolerando
796 1303 1034 1352 exstinguere
1061 1303 1176 1342 vires.

110 1358 203 1405 Ipsa
230 1358 304 1396 sibi
330 1359 388 1396 est
415 1357 535 1396 hostis
563 1358 720 1397 vesania
749 1358 826 1407 (3),
856 1369 966 1405 seque
995 1357 1151 1396 furendo
1181 1356 1258 1400 160

110 1411 318 1459 Interimit,
349 1412 574 1460 moriturque
603 1412 683 1451 suis
710 1412 767 1450 ira
794 1412 908 1459 ignea
934 1411 1020 1450 telis
1041 1425 1081 1449 ›>.
1099 1433 1152 1439 —

111 1465 217 1503 Haec
244 1466 356 1504 effata
383 1467 487 1504 secat
513 1465 657 1504 medias
685 1465 837 1514 impune
864 1465 1032 1504 cohortes

110 1518 274 1568 Egregie
301 1519 481 1558 comitata
508 1519 610 1558 viro:
641 1531 730 1558 nam
757 1519 949 1569 proximus
977 1520 1046 1557 Iob

111 1572 298 1610 Haeserat
324 1572 485 1612 invictae
513 1574 606 1611 dura
634 1574 732 1612 inter
760 1573 860 1611 bella
887 1573 1109 1621 magistrae,

112 1626 248 1664 Fronte
267 1638 418 1665 severus
436 1627 573 1675 adhuc,
595 1628 633 1665 et
650 1627 766 1665 multo
784 1627 935 1665 vulnere
954 1626 1113 1664 anhelus
1144 1625 1203 1730 (ἴ)
1221 1640 1228 1662 ;

108 1733 180 1771 Sed
206 1733 284 1771 iam
312 1733 442 1773 clausa
469 1734 566 1774 truci
594 1734 792 1773 subridens
819 1733 946 1772 ulcera
975 1733 1096 1781 vultu,

172 1833 224 1875 (1)
246 1844 328 1864 vena
343 1835 484 1868 rebellis.
502 1835 563 1866 Aes
578 1839 685 1867 terrae
700 1845 717 1867 e
733 1836 820 1866 renis
835 1836 989 1872 effossum,
1007 1836 1168 1871 resistens,
1185 1835 1258 1873 quia

110 1877 187 1906 bene
208 1877 411 1909 fabricatum.

172 1917 224 1957 (2)
246 1919 389 1948 rasile...
413 1919 556 1957 liynum.
581 1917 715 1957 Lignum
737 1920 889 1953 dolatum,
913 1919 1099 1956 levigatum.

175 1959 221 1998 (3)
241 1961 316 1998 ipsa
337 1960 401 1990 eibi
421 1963 469 1990 est
489 1961 591 1991 hostis
611 1963 758 1992 vesania.
782 1961 882 2001 Quare
914 1970 930 1991 e
963 1963 1067 1990 mente
1099 1967 1256 1997 nunquam

106 2003 213 2031 nostra
235 2001 311 2032 illud
332 2002 461 2033 excidat
482 2002 680 2034 Eccrususr.
697 2005 724 2039 1,
749 2004 806 2035 28:
828 2016 844 2032 «
862 2003 1028 2034 Iracundia
1044 2003 1258 2033 animositatis

111 2043 208 2079 illius,
230 2043 389 2074 subversio
410 2043 498 2074 illius
519 2046 579 2075 est.
605 2056 622 2073 »

170 2084 216 2124 (4)
237 2085 372 2115 vulnere
393 2085 545 2118 anhelus.
570 2082 657 2117 unus
671 2095 688 2117 e
703 2087 821 2117 codice.
839 2087 976 2123 Vatiae„
994 2087 1027 2116 et
1039 2086 1189 2116 Hrmsrvs
1203 2086 1259 2123 fu-

107 2136 195 2158 nere.
212 2126 271 2158 Sed
285 2135 389 2158 omues
404 2127 534 2165 codices,
552 2129 763 2166 editionesque
784 2132 922 2159 nostram
939 2129 1103 2159 lectionem
1128 2128 1256 2160 habent.
