1566 2482
418 170 566 212 com-m
580 162 784 212 >smnulcm
810 166 1025 214 omn-mum
1212 174 1290 212 255
1339 204 1342 206 .

202 292 398 340 Gaetulus,
419 292 618 339 Garamas,
635 291 861 339 Alamannus,
883 293 993 340 Saxo,
1014 292 1194 332 Galaulas
1207 291 1286 344 (1),

203 346 289 384 Una
324 357 452 385 omnes
497 345 721 395 gradiuntur
762 345 889 394 humo,
935 346 1079 451 caelu?
1116 346 1288 386 omnibus

1070 411 1186 438 unum
1215 402 1286 447 est,

200 454 307 492 Unus
334 454 372 492 et
397 464 572 500 oceanus,
593 453 762 491 nostrum
782 452 846 502 qui
864 453 1032 492 continet
1049 455 1187 492 orbem.
1210 453 1288 493 810

201 507 309 545 Addo
335 506 462 545 aliud:
493 508 640 545 nostros
666 507 801 554 potant
827 506 1009 545 animalia
1031 507 1178 546 fontes:

202 560 290 608 Ipso
318 571 397 599 rore
424 559 517 598 mihi
544 571 650 608 seges
678 561 748 607 est,
770 571 852 609 quo
879 572 1034 609 gramen
1063 561 1232 610 onagris,

198 614 337 662 Spurca
351 625 436 653 sues
452 613 512 663 (2)
541 615 668 652 nostro
688 625 796 653 amne
811 614 935 662 natat,
951 616 1080 653 nostra
1109 615 1229 719 intfat
1252 615 1290 653 et

1187 680 1287 717 1psos

199 721 304 759 Aura
330 732 457 768 canes,
487 720 707 769 animatque
733 720 808 758 levi
836 721 916 760 fera
941 733 1095 770 corpora
1122 722 1230 760 flatu.

202 774 272 813 Sed
282 775 429 813 tantum
440 774 583 812 distant
592 775 761 812 Romana
774 775 812 813 et
824 775 997 822 barbara,
1014 777 1194 824 quantum
1210 774 1287 814 815

200 828 415 876 Quadrupes
443 827 619 866 abiuncta
646 829 704 866 est
729 827 869 876 bipedi,
886 829 943 867 vel
970 832 1075 867 muta
1096 829 1285 878 loquenti:

201 882 388 928 Quantum
416 881 530 919 etiam
557 881 622 929 qui
648 881 718 919 rite
746 881 815 919 Dei
841 885 1039 930 praecepta
1063 884 1286 931 sequuntur,

202 935 372 973 Cultibus
399 947 423 972 a
449 934 612 981 stolidis,
641 936 679 972 et
705 945 828 972 eorum
863 936 1048 974 erroribus
1079 937 1231 974 absunt.

149 988 235 1026 Non
259 987 354 1026 facit
380 999 468 1036 ergo
496 999 604 1036 pares
634 988 673 1026 in
700 988 896 1037 relligione
923 990 1064 1027 tuenda

200 1041 310 1080 Aeris
336 1043 374 1079 et
399 1041 493 1079 caeli
519 1041 751 1080 communio:
781 1053 936 1091 corpora
952 1045 1101 1081 tantum
1209 1044 1287 1081 820

199 1094 346 1143 Gignit‚
377 1095 461 1142 alit,
490 1096 654 1142 reparat,
685 1095 919 1144 recidivaque
947 1096 1092 1135 semina
1118 1098 1258 1137 servat.

199 1149 279 1187 Neo
306 1148 432 1195 refert,
462 1148 568 1186 cuius
595 1148 758 1196 generis,
789 1149 939 1188 cuiusve
967 1151 1124 1199 figurae,

201 1204 278 1240 Aut
304 1201 409 1240 cuius
436 1201 582 1240 meriti:
614 1202 721 1240 modo
749 1202 842 1249 sint,
872 1205 916 1241 ut
942 1213 1097 1252 corpora
1126 1205 1226 1242 terra,

199 1255 326 1302 Edita,
356 1255 512 1293 terrenis
539 1255 675 1303 quibus
702 1257 759 1294 est
786 1255 894 1304 vigor
921 1269 965 1295 ex
992 1257 1207 1296 elementis:

200 1308 366 1347 Artificis
393 1308 482 1357 quia
509 1309 636 1347 Patris
663 1320 756 1357 opus
784 1309 1001 1349 discrimine
1028 1311 1134 1349 nullo
1208 1311 1284 1349 825

199 1362 333 1400 Infiuit
357 1362 399 1400 in
428 1362 589 1400 medium
619 1362 694 1411 (3),
725 1374 792 1401 nee
821 1375 933 1403 avaro
960 1375 1110 1402 munere
1138 1364 1275 1402 currit:

199 1416 298 1453 Ante
325 1416 470 1462 datum,
491 1427 603 1464 quam
621 1416 763 1464 primus
781 1417 890 1456 homo
903 1418 1128 1457 sordesceret
1146 1418 1283 1456 Adam.

201 1469 280 1506 Nec
308 1468 399 1507 vitio
424 1470 596 1507 utentum
622 1470 833 1508 restrictum
862 1471 1000 1518 deficit,
1032 1473 1098 1509 aut
1123 1484 1162 1509 se

201 1521 369 1559 Sutrahit
396 1521 581 1570 indignis,
610 1533 679 1560 nec
716 1522 823 1561 foeda
850 1526 887 1562 et
913 1525 1039 1572 turpia
1066 1524 1177 1562 vitat.

201 1574 315 1612 Haud
343 1575 452 1612 aliter
480 1575 569 1613 solis
596 1576 739 1623 radius,
769 1577 1000 1615 conluminat
1026 1589 1154 1616 omnes
1209 1579 1286 1617 830

201 1627 345 1666 Diffuso
373 1628 567 1676 splendore
594 1629 714 1667 locos:
737 1629 824 1668 ferit
851 1642 965 1668 aurea
991 1632 1103 1677 tecta,

201 1681 271 1719 Sed
298 1680 384 1720 ferit
411 1684 448 1720 et
475 1682 583 1730 nigro
611 1683 799 1721 sordentia
826 1684 990 1722 culmina
1016 1685 1140 1730 fum03

200 1735 324 1772 Intrat
341 1735 585 1774 marmoribus
613 1736 798 1784 Capitolia
823 1737 947 1776 clara:
979 1738 1043 1776 sed
1063 1738 1182 1776 intrat

209 1833 255 1872 (1)
279 1834 457 1865 Galaulas.
480 1835 628 1866 Galaules
649 1836 836 1875 Aethiopiae
858 1838 974 1876 populi
993 1838 1045 1875 qui
1060 1838 1134 1869 olim
1152 1840 1287 1869 Auloles

145 1876 340 1910 dicebantur.
362 1877 408 1906 uti
433 1879 569 1907 testatur
589 1877 719 1908 Onosws
741 1879 776 1909 L.
797 1879 826 1914 Ι,
849 1889 916 1918 cap.
941 1880 992 1911 11.

209 1916 254 1956 (2)
275 1926 398 1955 spurca
426 1927 512 1949 sues.
536 1919 698 1950 Honurvs
729 1921 768 1950 ad
790 1902 855 1953 Pis.
879 1922 921 1951 25
949 1922 1082 1952 amicam
1098 1923 1192 1952 vocat
1219 1922 1286 1953 luto

143 1967 241 1989 suem.
257 1958 293 1988 In
310 1959 416 1989 multis
427 1960 521 1991 editt.
532 1962 685 1991 ,sordida
697 1971 768 1994 sus.
783 1963 925 1994 Ceterum
935 1972 1021 1998 sues.
1032 1964 1153 2002 plebes,
1162 1964 1287 2001 aliaque

143 2001 269 2030 nomina
300 2001 414 2031 tertiae
443 2001 681 2039 declinationis,
711 2004 746 2033 in
780 2013 854 2034 casu
884 2006 980 2040 recto,
1005 2007 1041 2035 ut
1072 2006 1153 2035 alias
1175 2006 1282 2036 videor

144 2042 311 2071 adnotasse
334 2042 424 2072 facile
446 2044 578 2074 cecinit.

209 2083 256 2122 (3)
278 2084 330 2112 Ar
332 2084 431 2120 leticie
449 2086 530 2123 quia
550 2086 669 2116 Patris
689 2095 772 2126 opus
793 2088 987 2117 discrimine
1001 2089 1096 2118 nullo
1112 2088 1234 2127 Inflm’t
1247 2090 1284 2119 in

147 2125 302 2156 medinm.
327 2125 363 2154 V.
390 2125 514 2157 ΜΑττη.
540 2127 591 2158 45.
