1566 2482
308 187 389 225 '242
684 196 839 227 Avitum
865 195 1067 225 rnvnnmr

309 305 443 354 Stirpis
470 305 596 344 Iuleae
623 306 771 344 ductore
801 304 869 353 (1),
890 305 1071 343 exercitus
1097 304 1232 343 ardens

365 358 593 406 Praevaluit,
624 359 760 397 Boreae
788 369 896 407 quem
924 357 1076 396 miserat
1102 357 1251 406 algidus
1279 358 1372 397 axis.

364 414 451 451 Non
478 413 623 450 armata
651 412 793 459 Venus,
822 422 898 450 non
925 412 1015 450 tunc
1041 411 1210 460 clypeata
1237 411 1407 451 Minerva

363 467 504 506 Venere
531 465 694 503 auxilio:
727 476 802 503 non
830 464 954 503 divum
984 464 1144 512 degener
1171 465 1273 512 ordo,
1367 465 1444 504 535

365 521 414 558 Et
441 518 563 567 patria
590 518 760 565 extorris,
789 518 968 557 Romanis
996 517 1119 556 adfuit
1145 517 1275 556 armis.

365 572 497 612 Victus
525 573 562 610 et
589 571 669 620 ipse
694 572 810 620 prius,
840 571 993 609 inimica
1020 582 1088 609 nec
1115 571 1268 619 agmina
1295 571 1411 610 iuvit:

363 626 399 664 Si
427 627 553 663 tamen
582 625 778 673 antiquum
805 625 915 662 norat
941 624 1095 662 retinere
1123 624 1295 664 dolorem.

313 679 383 718 Sed
410 678 517 726 dicis,
546 678 681 726 legisse
709 678 811 724 deos,
839 677 902 716 ubi
930 677 1093 716 sanctior
1119 689 1209 716 usus

363 732 596 780 Templorum
624 731 728 769 cultu
755 731 887 769 celebri
916 730 995 769 sine
1023 731 1096 768 fine
1124 732 1310 778 maneret;
1369 730 1445 769 540

364 785 650 833 Aeneadumque
678 784 776 823 ultro
804 784 972 822 victricia
1001 783 1110 832 signa
1137 784 1298 822 virorum

364 839 478 887 Regis
505 849 626 877 amore
654 838 798 876 Numae
830 838 897 886 (2),
928 837 1032 876 nullo
1058 839 1225 885 cogente,
1257 838 1415 876 secutos.

313 893 413 930 Num
443 891 632 930 Diomedis
659 891 747 929 item
775 890 949 938 tentoria,
979 892 1016 929 et
1042 890 1139 929 acris
1167 890 1277 939 Vlyxi
1307 891 1366 940 (3)

365 946 496 984 Castra
526 945 651 983 volens
679 944 808 983 Pallas
847 945 914 992 (4),
945 944 1063 982 caesis
1090 944 1303 982 custodibus
1330 943 1444 991 arcis,

365 998 489 1047 Legit,
519 998 585 1036 ubi
612 997 780 1036 humenti
807 997 957 1035 sudaret
983 998 1125 1035 maesta
1152 997 1305 1045 sigillo?
1367 997 1444 1035 545

365 1054 443 1090 Aut
469 1051 613 1099 quoties
642 1051 770 1089 ductor
797 1051 984 1088 Macetum
1015 1050 1075 1100 (5)
1095 1049 1320 1088 fortissimus
1347 1049 1446 1088 altos

363 1105 597 1152 Templorum
624 1104 765 1142 cineres
792 1103 902 1142 victis
929 1103 1134 1142 cumulavit
1161 1103 1329 1152 Amyclis
1349 1103 1430 1153 (6):

365 1158 552 1206 Optarunt
579 1157 724 1205 praedis
752 1156 893 1195 domini
921 1168 959 1195 se
987 1156 1143 1194 numina
1169 1158 1279 1204 capta

363 1211 527 1258 Misceri,
558 1210 805 1259 Assyriaeque
833 1209 919 1247 vehi
944 1209 1148 1258 Babylonis
1176 1210 1225 1247 ad
1253 1211 1406 1247 arcem?

366 1265 453 1302 Non
482 1264 576 1313 fero,
596 1265 805 1302 Romanum
824 1274 973 1309 nomen,
996 1263 1199 1311 sudataque
1227 1262 1339 1310 bella,
1371 1263 1447 1301 550

364 1318 414 1355 Et
439 1317 570 1355 titulos
597 1318 703 1355 tanto
732 1316 920 1364 quaesitos
949 1316 1132 1364 sanguine
1160 1315 1276 1363 carpi.

364 1370 536 1408 Detrahit
562 1370 719 1408 invictis
746 1369 971 1418 legionibus,
1002 1371 1038 1407 et
1066 1381 1134 1407 sua
1160 1369 1297 1407 Romae

373 1469 420 1508 (1)
443 1470 570 1507 Stirpis
603 1469 713 1500 Iuleae
742 1469 884 1499 ductore.
909 1468 1101 1499 Octavianus
1122 1468 1248 1504 Caesar,
1271 1468 1321 1498 cui
1342 1472 1449 1498 noster

311 1512 482 1541 exercitum
504 1511 633 1548 tribuit,
655 1510 833 1549 praevaluit
855 1519 965 1547 magna
988 1510 1124 1540 militum
1147 1510 1179 1540 vi
1208 1510 1310 1550 sortis,
1334 1510 1388 1547 qui
1408 1518 1447 1540 ex

310 1552 412 1590 gelido
434 1561 490 1582 axe
512 1552 551 1582 ad
572 1561 604 1582 se
624 1534 849 1582 coaneneiant

374 1594 423 1633 (2)
443 1595 542 1631 Reqis
562 1603 672 1624 amore
694 1595 835 1624 Numae.
859 1593 898 1622 V.
923 1602 1004 1623 vers.
1027 1593 1068 1623 46
1090 1593 1163 1623 libri
1184 1593 1368 1630 superioris.

375 1636 423 1675 (3)
452 1636 552 1674 Vlyxi
572 1635 621 1665 vel
649 1635 786 1673 Vlyssei.
809 1635 888 1665 Acer
909 1636 947 1664 ob
969 1636 1036 1664 eius
1063 1635 1267 1671 sagro-itatem
1284 1636 1317 1664 et
1338 1633 1444 1664 soller-

312 1679 402 1707 tiam.
426 1678 470 1706 De
498 1676 550 1715 Vly
553 1685 590 1707 xe
611 1677 646 1706 et
670 1677 815 1706 Diomede
835 1676 904 1706 eius
926 1676 1118 1707 amicissimo
1140 1675 1177 1706 V.
1201 1675 1303 1706 Iliad.
1327 1675 1444 1706 Home—

310 1721 430 1755 ricam,
455 1718 488 1748 et
509 1718 600 1748 Vmo.
623 1717 681 1752 XI,
707 1717 779 1748 173.

347 1764 349 1766 ’
374 1761 418 1799 (4)
442 1760 532 1788 Num
561 1759 732 1789 Diomedis
761 1760 837 1788 item
866 1759 1008 1788 tentoria
1037 1760 1066 1786 et
1088 1758 1178 1787 acris
1203 1758 1304 1795 Vlyxa·
1321 1757 1441 1788 Castra

310 1802 420 1831 volens
437 1801 574 1832 Pallas.
587 1823 611 1831 ..
631 1801 742 1839 Leyit:
758 1801 881 1836 Ergone
896 1801 992 1830 etiam
1009 1799 1123 1838 Pallas,
1140 1799 1228 1828 euius
1243 1798 1444 1829 simulacrum
1497 1827 1500 1828 ⁷

308 1843 469 1873 Diomedes
485 1843 523 1872 ‘et
539 1842 648 1880 Vlyxes
670 1842 900 1879 surripuerunt,
922 1841 1106 1871 Graecorum
1129 1843 1235 1870 castra
1255 1840 1362 1876 elegit,
1385 1849 1445 1877 quo

311 1885 360 1914 ubi
384 1885 447 1914 fuit
466 1883 616 1913 adducta.
635 1892 708 1921 prie
722 1883 861 1913 tristitia
874 1882 1023 1912 sudavit?
1040 1883 1076 1914 V.
1098 1882 1187 1911 Vmo.
1205 1881 1282 1911 Aen
1299 1881 1356 1916 Xl
1372 1881 1444 1914 173.

373 1926 419 1965 (ὃ)
442 1926 572 1955 Ductor
585 1925 760 1956 Macetum.
791 1923 964 1954 Alexander
995 1933 1048 1953 rex
1070 1923 1285 1958 Macedonum,
1307 1923 1359 1960 qui
1382 1923 1446 1953 Μι-

311 1969 399 1996 cetae
421 1966 502 2004 apud
531 1967 639 2004 poetas
667 1966 849 2004 praesertim
870 1967 946 1995 sunt
967 1965 1058 1995 dicti.
1075 1965 1111 1996 V.
1136 1964 1444 1996 Lexic.Cmus·r01>u.

267 2014 271 2018 '
311 2008 471 2039 CELLARII.

374 2049 423 2089 (6)
412 2050 540 2088 )victis
571 2049 753 2078 cumularat
780 2048 942 2086 Amyclis.
977 2048 1068 2077 Victa
1090 2048 1121 2077 in
1144 2046 1223 2077 bello
1252 2046 1447 2077 Macedonico

311 2090 557 2128 Lacedaemone,
577 2091 626 2120 cui
648 2090 794 2129 Amyclae
816 2092 905 2120 erant
925 2090 1096 2127 proximae.
1120 2089 1155 2120 V.
1177 2087 1243 2118 Su„
1264 2089 1352 2120 ῙτΑι.
1371 2088 1443 2127 111,

311 2131 383 2163 434.
394 2132 541 2162 —G1srL.
557 2132 652 2169 quiin
662 2132 741 2163 edit
756 2139 811 2162 sua
827 2131 974 2162 parisina
989 2139 1077 2160 orae:
1095 2130 1160 2160 «ab
1177 2129 1442 2160 Ιηᾶἰε»αᾱίο<>ἰῐ
