1566 2482
553 175 840 204 11AMA1t'1'luENIA
1209 164 1260 201 93

125 288 230 327 Mille
255 287 332 326 alia
357 286 486 326 stolidi
513 284 740 324 bacchantia
765 284 909 333 gaudia
936 283 1069 323 mundi

127 345 348 382 Percensere
373 341 492 390 piget,
523 351 618 390 quae
646 338 724 378 veri
750 338 869 378 oblita
896 337 1080 377 Tonantis

125 398 344 436 Humanum
370 394 519 433 miseris
546 394 705 436 volvunt
730 392 918 431 erroribus
946 404 1094 431 aevum.

126 452 247 489 Nemo
274 448 442 488 animum
469 447 606 486 summi
633 458 833 486 memorem
861 445 1052 485 Genitoris
1079 446 1120 483 in
1148 445 1269 483 altum

126 504 292 551 Excitat,
323 503 372 541 ad
400 501 554 542 Caelum
578 500 700 539 mittit
726 499 890 549 suspiria
917 511 1049 546 nem03
1190 499 1268 537 380

126 559 222 605 Nec,
251 557 418 596 recolens
445 555 589 604 apicem
616 554 703 594 solii
730 554 888 601 natalis,
918 554 969 592 ad
996 554 1120 602 ipsum

128 611 297 660 Respicit
322 612 525 656 auctorem,
555 621 624 648 nec
650 620 754 658 spem
781 620 891 657 super
918 613 1004 646 aera
1030 607 1164 646 librat:

126 666 199 704 Sed
225 667 388 704 mentem
414 663 583 713 gravidis
610 664 827 702 contentam
854 663 1008 701 stertere
1035 662 1151 708 entis,

128 719 295 768 Indigno
321 718 449 758 subdit
475 717 638 764 domino,
668 717 907 765 perituraque
933 726 1073 763 pronus
1101 715 1162 765 (1)

128 773 288 822 Diligit,
310 774 348 811 et
373 783 487 811 curvo
514 771 662 820 quaerit
688 769 880 810 terrestria
908 781 1035 808 sensu.
1193 769 1270 807 385

128 828 211 866 Hoc
229 827 443 876 pulchrum,
465 826 564 873 quod
581 827 682 863 terra
701 824 815 873 parit,
837 824 934 872 quod
953 822 1077 872 gloria
1101 822 1245 861 confert

128 881 312 926 Lubrica3
342 880 579 919 commendat
605 879 703 927 quod
730 877 940 927 perniciosa
967 877 1168 924 voluptas3

130 935 250 982 Quod,
279 933 384 972 velut
409 933 552 972 excitus
580 931 721 970 difflato
747 932 898 980 pulvere
926 932 1076 977 ventus,

129 988 326 1035 Praeterit,
356 987 524 1035 exemplo
550 986 676 1025 tenuis
704 986 802 1034 quod
828 984 1039 1023 transvolat
1065 984 1232 1022 umbrae.

130 1043 203 1081 His
231 1053 365 1091 aegras
392 1041 540 1079 animas
568 1040 779 1079 morborum
805 1038 975 1087 pestibus
1003 1039 1140 1086 urguet
1194 1038 1272 1076 390

132 1096 274 1135 Praedo
300 1096 447 1144 potens,
477 1093 606 1133 tacitis
633 1105 743 1142 quem
770 1093 912 1132 viribus
939 1091 1164 1131 interfusum
1186 1091 1244 1140 (2)

130 1150 250 1188 Corda
276 1149 412 1188 bibunt
437 1149 650 1187 hominum:
683 1147 774 1186 serit
800 1147 866 1185 ille
899 1146 1117 1184 medullitus
1146 1156 1273 1184 omnes

129 1203 343 1252 Nequitias,
374 1203 593 1251 spargitque
621 1213 708 1240 suos
735 1213 800 1250 per
828 1201 993 1239 membra
1020 1199 1228 1238 ministros.

75 1276 80 1281 ·
131 1258 304 1305 Namque
330 1256 409 1295 illic
435 1267 634 1295 numerosa
662 1255 793 1294 cohors
821 1255 891 1293 sub
918 1253 1085 1302 principe
1113 1253 1184 1291 tali

129 1310 567 1360 Militat,horrendisque
595 1308 743 1347 animas
780 1308 1018 1347 circumsidet
1054 1307 1168 1346 armis
1196 1307 1273 1345 395

130 1366 208 1412 Ira,
240 1364 470 1413 superstitio,
500 1374 657 1410 moeror,
688 1362 891 1409 discordia,
921 1362 1048 1404 luxus,

130 1419 336 1467 Sanguinis
363 1419 447 1456 atra
475 1417 577 1464 sitis,
606 1416 687 1456 vini
715 1416 815 1464 sitis,
846 1418 883 1455 et
910 1415 996 1454 sitis
1023 1415 1122 1462 auri,
1179 1435 1182 1439 ·

131 1473 257 1520 Livor,
288 1471 529 1518 adulterium,
560 1471 682 1517 dolus,
713 1469 947 1515 obtrectatio,
977 1468 1133 1507 furtum.

130 1526 316 1565 Informes
343 1526 496 1564 horrent
523 1525 641 1564 facies
667 1524 872 1572 habituque
901 1523 1086 1561 minaces:

136 1580 303 1621 Ambitio
330 1581 487 1618 ventosa
512 1581 646 1625 tumet,
675 1577 844 1617 doctrina
872 1575 1053 1625 superbit,
1199 1576 1276 1614 400

132 1635 315 1673 Personat
342 1633 543 1682 eloquium,
573 1633 690 1671 nodos
717 1632 823 1670 fraus
850 1631 981 1669 abdita
1007 1629 1139 1668 nectit.

132 1688 226 1726 Inde
253 1686 392 1727 canina
420 1687 500 1726 foro
527 1687 645 1725 latrat
671 1685 849 1724 facundia
879 1685 940 1734 (3)
969 1685 1061 1722 toto.

134 1879 249 1910 adieet.
265 1888 325 1909 vox
340 1878 614 1909 indiscriminatim
630 1877 710 1916 apud
726 1877 837 1915 probos
849 1876 964 1906 latinos
980 1876 1146 1913 usurpatur
1168 1883 1222 1912 pro
1244 1882 1279 1904 co

136 1921 216 1957 quod
237 1921 286 1950 est
306 1920 418 1957 laetus,
439 1920 603 1956 iurandus,
625 1921 746 1956 gratus.

200 1963 246 2000 (1)
263 1963 484 2001 perituraque
500 1971 641 2001 pronus.
663 1962 699 1992 In
716 1961 794 1991 tales
810 1959 948 1990 homiues
963 1959 1094 1989 Pcusrvs
1110 1957 1277 1987 inclamat:

136 2015 154 2032 «
178 2004 202 2034 Ο
217 2012 329 2034 curvae
344 2004 377 2033 in
392 2004 486 2033 terris
500 2005 635 2040 animae,
651 2006 680 2033 el
706 2002 888 2033 caelestium
904 2001 1027 2031 inanes!
1047 2010 1064 2028 >›
1080 2001 1150 2031 Sat.
1164 1999 1206 2029 ΙΙ.
1224 1998 1276 2030 61.

199 2046 244 2082 (2)
268 2045 410 2082 Praedo,
428 2048 555 2084 potens,
578 2047 640 2077 etc.
664 2045 752 2075 Vers.
774 2044 882 2082 spond.

199 2087 244 2125 (3)
266 2089 389 2117 canina
466 2087 638 2125 facundia,
663 2087 750 2116 cuius
771 2086 872 2116 omnis
904 2093 950 2114 vls
982 2084 1015 2113 in
1030 2081 1223 2113 criminando
1246 2083 1278 2112 et

137 2129 337 2159 conviciando
359 2129 518 2160 consistit.
540 2129 580 2160 V.
603 2128 748 2167 varu„
771 2127 846 2164 XII,
869 2127 906 2167 93
931 2126 1099 2157 Lunum.
1115 2125 1168 2160 VI,
1187 2125 1237 2154 18.
