1566 2482
92 52 101 60 r
146 44 165 58 Γ
206 45 308 70 ’μζ-,μ
356 46 361 58 ῑ
379 63 386 68 ,μ
398 45 498 69 ‚ymb-⁴·
571 51 605 64 ⁸.
643 43 691 65 „7
750 57 755 60 ,
778 45 823 65 5³²

91 67 97 75 ι
184 67 207 76 -1
224 83 229 87 -
265 67 321 90 16⁴
354 67 372 79 -d
452 66 471 79 2:
537 71 552 75 ‚r
630 75 643 88 ἶ

249 188 327 231 174
498 244 504 247 μ
625 199 779 228 Avnnm
804 198 1007 229 PRVDENTII

249 320 387 360 spano
403 308 558 359 poetae
571 309 723 348 nostro
747 304 968 348 subirasci
981 305 1107 359 velis,
1124 307 1203 358 qui
1218 310 1298 358 pro
1312 317 1382 348 ca-

247 374 445 416 stissima
472 375 591 415 IESV
627 374 830 414 CHRISTI
858 371 1060 413 doctrina
1086 374 1379 425 pugnaturus,

246 441 346 490 plus
365 451 505 490 aequo
533 439 582 479 in
609 438 804 479 fabulari
823 438 1014 479 historia
1031 438 1295 479 commorari
1313 438 1382 478 vi-

246 506 424 556 deatur-3
445 505 639 555 dumque
657 506 778 544 totus
798 506 866 545 est
883 503 931 543 in
951 504 1130 544 deorum
1149 503 1380 555 originem,

245 582 482 621 eorumque
510 581 580 611 res
612 571 782 621 gestas,
820 571 865 609 et
900 569 1070 609 cultum
1106 566 1380 619 inquirendo

245 636 318 676 cui
345 635 510 676 veteris
529 635 718 675 Romani
737 633 962 685 religiosis
991 634 1381 685 superstitionibus

244 700 491 742 arctissime
505 701 911 750 obstringebantur,
931 699 1216 740 incredibilia
1234 706 1381 740 renar-

243 769 323 819 ret,
339 766 525 807 infanda
538 766 737 806 facinora
752 767 796 806 et
811 766 1030 806 obscoena
1044 766 1223 806 deorum
1233 765 1382 816 palam

242 827 344 874 ante
359 833 509 874 oculos
537 834 683 882 ponat.
715 832 803 872 Sed
823 831 1117 872 Prudentium
1131 831 1282 872 decuit
1301 843 1380 882 per

242 898 493 939 istiusmodi
527 898 649 939 viam
681 897 899 949 incedere,
933 909 1072 938 coenu
1101 897 1380 947 graveolenti

243 965 437 1016 stratam,
467 964 505 1004 si
523 965 673 1014 posset
691 963 996 1003 adversarium
1024 974 1163 1016 suum,
1184 962 1378 1003 nobilem

242 1029 424 1079 quidem
453 1029 601 1069 virum
629 1029 674 1069 et
701 1029 992 1080 eloquentem,
1014 1028 1071 1067 ad
1085 1028 1296 1078 pudorem
1314 1040 1379 1068 re-

240 1107 425 1146 vocare,
468 1106 546 1144 pro
588 1094 723 1143 impia
768 1093 1116 1143 turpissimaque
1162 1091 1380 1142 religione

237 1162 356 1201 totas
382 1160 503 1201 Vires
531 1171 634 1200 suas
662 1161 1000 1209 expromentem.
1039 1157 1256 1208 Quocirca
1295 1159 1376 1199 ubi

236 1225 407 1276 peritus
435 1226 480 1266 et
507 1227 631 1265 catus
669 1224 881 1274 magister
921 1224 1225 1264 adoloscentes
1273 1235 1376 1264 suos

237 1290 591 1330 Prudentianam
618 1290 666 1329 in
711 1290 1021 1339 Symmachum
1059 1289 1375 1330 refutationem

238 1355 391 1405 cupiat
417 1367 517 1395 cum
543 1355 696 1395 fructu
732 1354 1018 1405 interpretari
1046 1355 1128 1395 hos
1156 1355 1228 1395 vel
1271 1354 1376 1395 illos

236 1421 480 1462 versiculos
508 1433 588 1471 pro
607 1433 654 1462 re
673 1422 779 1461 nata
797 1421 982 1461 omissos
1000 1420 1137 1460 faciat
1148 1434 1158 1472 3
1177 1420 1251 1461 vel
1278 1421 1376 1461 tuto
1434 1467 1440 1472 ,

237 1488 283 1527 et
300 1486 397 1527 sine
416 1486 658 1527 offensione
680 1486 745 1526 ita
764 1486 983 1537 explanet,
1003 1486 1055 1524 ut
1076 1485 1375 1525 Romanorum

236 1549 352 1589 ritus
389 1552 434 1590 et
474 1548 713 1599 religiones
754 1549 886 1598 plane
928 1550 1234 1600 assequantur,
1263 1546 1375 1598 quin

235 1614 501 1654 tenellorum
532 1613 684 1666 animi,
713 1613 830 1654 cerei
859 1614 905 1652 in
934 1613 1097 1654 vitium
1124 1613 1256 1665 flecti,
1294 1612 1376 1652 ali-

237 1678 347 1729 quid
375 1679 633 1719 detrimenti
663 1679 907 1729 patiantur.
