1566 2482
0 794 3 803 Ἴ
0 758 7 765 ι
0 721 9 754 υ-νιτ
0 598 16 717 quw-vrv-

589 171 876 202 nAnARTffiEMA
1251 157 1300 195 79

153 288 225 328 Est
251 286 463 336 glaucoma,
484 282 602 322 aciem
630 281 728 331 quod
754 280 921 329 tegmine
946 279 1045 317 velet
1067 288 1222 327 aquoso,
1253 277 1305 315 90

154 342 291 382 Libera
317 352 364 379 ne
391 339 562 377 tenerum
589 336 759 385 penetret
784 333 980 373 meditatio
1006 332 1166 380 caelum,

155 397 259 435 Neve
288 395 408 433 Deum
434 391 577 440 rapidis
603 389 848 438 comprendat
874 387 1048 427 sensibus
1075 397 1206 424 unum.

156 448 355 498 Spargitur
382 447 423 485 in
449 445 588 484 bifidas
615 444 713 482 male
741 454 838 481 sana
864 441 1027 480 intentio
1052 440 1172 487 luces,

157 504 208 542 Et
235 501 402 550 duplices
429 498 592 548 geminis
620 497 834 536 auctoribus
862 494 1023 534 exstruit
1050 505 1151 532 aras.

157 556 195 595 Si
221 556 294 594 duo
321 555 411 594 sunt
436 553 571 602 igitur,
600 563 666 590 cur
694 562 769 589 non
799 550 877 588 sint
903 549 1025 587 multa
1053 548 1203 586 deorum
1251 546 1305 584 95

158 609 311 648 Millia‘?
339 620 405 647 cur
431 617 584 645 numero
613 605 734 644 deitas
762 604 940 643 contenta
967 602 1125 652 gemello
1153 602 1239 639 est?

161 665 302 702 Annon
329 662 371 700 in
398 661 555 709 populos
583 659 751 708 dispersa
777 657 951 696 examina
978 656 1112 695 divum
1199 701 1201 703 ι

161 717 329 756 Fundere
357 716 438 755 erat
464 714 614 760 melius,
643 713 897 760 mundumque
924 710 1079 759 implere
1107 718 1285 757 capacem

161 770 340 809 Semideis
366 768 509 818 passim
536 767 640 806 nullo
668 765 882 805 discrimine
909 763 1104 809 monstris,

162 822 255 871 Quis
283 823 362 862 fera
389 822 581 862 barbaries
609 820 792 869 perituros
821 819 962 857 mactat
988 818 1146 856 honores
1160 818 1179 854 i>
1216 814 1313 853 ·100

163 878 328 916 Dissona
354 877 556 916 discretum
583 874 749 913 retinent
776 873 809 911 si
836 872 994 911 numina
1021 870 1189 914 caelum

165 931 348 970 Convenit
374 932 412 969 et
438 929 601 975 nebulis,
631 929 669 966 et
695 927 878 973 fontibus,
908 927 946 964 et
972 923 1142 963 reboanti
1171 923 1233 972 (1)

165 986 328 1031 Oceano,
358 986 397 1022 et
424 983 547 1029 silvis,
578 983 616 1020 et
642 981 815 1027 collibus,
845 981 883 1018 et
909 978 1098 1027 speluncis
1128 976 1206 1026 (2),

165 1038 416 1084 Fluminibus,
443 1037 585 1083 ventis,
615 1035 845 1081 fornacibus,
876 1034 989 1082 atque
1017 1030 1183 1070 metallis

168 1092 380 1141 Adsignare
408 1091 495 1129 deos
521 1089 690 1138 proprios
719 1088 804 1137 (3);
837 1099 905 1126 sua
923 1087 1056 1135 cuique
1084 1085 1179 1124 iura.
1240 1083 1316 1122 105

166 1146 252 1192 Vel,
282 1145 315 1184 si
342 1145 502 1194 gentiles
530 1144 590 1193 (4)
618 1142 743 1182 sordet
768 1141 979 1189 venerarier
1007 1140 1067 1189 (5)
1094 1139 1262 1185 umbras,

169 1200 219 1238 Et
244 1199 368 1247 placet
393 1210 474 1238 esse
502 1198 594 1236 duos
622 1195 780 1245 sceptris
809 1195 1010 1234 socialibus
1037 1204 1190 1241 aequos,

169 1253 239 1292 Dic
265 1265 351 1302 age,
382 1252 466 1301 quis
493 1253 612 1290 terras
642 1250 796 1289 ditionis
825 1250 922 1288 sorte
950 1249 1139 1287 retentet?

177 1411 180 1414 Δ
237 1386 282 1425 (l)
299 1386 445 1416 reboanti
452 1395 467 1424 ,·
480 1385 619 1416 Oceanus
638 1385 772 1415 Homero
794 1384 842 1414 est
853 1380 1098 1428 πολύφοισβος,
1113 1380 1234 1411 scilicet
1243 1379 1323 1410 mul-

115 1431 118 1433 *
174 1435 247 1464 tum*
263 1434 419 1471 agitatus,
442 1439 476 1464 et
498 1441 663 1467 resrnnans2
687 1432 769 1469 quod
790 1431 962 1470 Epitheton
985 1430 1033 1460 illi
1056 1434 1105 1460 est
1126 1429 1322 1467 perpetuum.

175 1475 214 1506 V.
241 1475 413 1512 Paomvn,
436 1486 454 1504 «
478 1475 621 1506 nisi-orso
641 1474 690 1504 sul
701 1474 809 1510 Gusto,
822 1482 839 1504 e
852 1473 931 1504 sulle
945 1472 1028 1503 Belle
1042 1471 1113 1502 Atti
1127 1482 1157 1502 ».
1175 1470 1322 1506 venezia,

177 1517 412 1548 MDcccxxv.
435 1526 508 1556 pag.
535 1517 587 1548 19.

244 1558 293 1599 (2)
314 1561 345 1589 et
363 1559 541 1598 speluncis.
566 1558 680 1589 Versus
701 1557 811 1595 spond.

241 1600 290 1640 (3)
311 1601 500 1639 Adsiqnare
521 1600 594 1630 deos
615 1601 677 1630 etc.
699 1599 747 1629 Ut
777 1598 870 1628 metri
904 1598 987 1628 ratio
1018 1596 1142 1635 planior
1174 1595 1327 1634 adpareat

180 1643 347 1673 Gmsnmvs
359 1643 405 1673 ita
415 1651 538 1672 versum
550 1642 693 1678 refingit:
709 1640 897 1678 Adsiqmre
907 1639 980 1669 deos
991 1638 1153 1678 proprios
1166 1647 1230 1668 sua
1245 1638 1326 1667 iura

179 1685 304 1724 cuique.
322 1684 382 1715 Sed
396 1693 502 1714 omnes
515 1683 605 1714 codd.
623 1692 664 1713 m.
678 1691 720 1712 ss.
737 1690 808 1712 eum
824 1681 952 1715 habent,
970 1681 1090 1718 qualem
1109 1679 1323 1718 produximus3

179 1734 277 1763 neque
299 1725 336 1758 τὸ
358 1727 472 1766 cuique
494 1726 521 1756 si
543 1725 583 1756 ad
604 1724 764 1762 dactylum
779 1723 1000 1753 conficiendum
1018 1730 1134 1758 sumes,
1156 1721 1327 1751 Prudentia

181 1771 316 1803 iniurius
336 1772 445 1804 rueris.

243 1812 294 1853 (4)
314 1815 463 1852 qentiles.
480 1813 609 1852 Proprie
623 1812 753 1850 gentilis
769 1813 818 1842 est
832 1812 884 1849 qui
906 1820 945 1841 ex
959 1811 1067 1841 eodem
1086 1818 1198 1848 genere
1221 1809 1325 1839 ortum

184 1855 306 1887 habuit.
319 1856 460 1894 Sequiori
475 1864 550 1886 aevo
560 1855 698 1893 gentiles
714 1854 816 1884 vocati
831 1854 907 1883 sunt
922 1853 1047 1883 barbari
1069 1861 1088 1882 a
1108 1851 1271 1883 Romanis.
1296 1851 1329 1880 et

183 1898 336 1934 quotquot
356 1898 475 1928 inculte
499 1897 655 1930 viverent,
679 1896 747 1925 sine
768 1895 910 1933 gentium
927 1895 1005 1925 iure.
1023 1895 1122 1924 Penes
1144 1893 1273 1923 Iudaeos
1297 1892 1329 1922 et

183 1938 374 1970 Christianos
394 1939 530 1976 gentilos
543 1937 795 1977 appellabantur,
809 1937 862 1974 qui
877 1945 1057 1975 perversum
1072 1936 1198 1966 deorum
1210 1934 1329 1964 cultum

183 1979 415 2018 profiterentur.
429 1981 495 2011 Huc
508 1989 602 2011 sensu
617 1980 669 2009 hic
682 1979 814 2016 legimus
826 1979 1004 2016 qentiles...
1021 1977 1168 2008 umbras.
1183 1976 1220 2007 V.
1244 1974 1331 2021 Περὶ

184 2023 285 2070 Στεφ.
307 2028 348 2065 Χ,
372 2027 455 2062 464ς
481 2028 603 2058 Contra
624 2025 812 2064 symmach.
833 2026 861 2062 1,
885 2026 958 2057 576.
982 2024 1045 2056 Csr.
1062 2024 1200 2054 Svnmrn
1216 2023 1330 2054 Srvmu

185 2073 275 2104 Hm.
299 2071 432 2106 Sacrae,
456 2069 527 2100 Lib.
548 2068 592 2103 11.
615 2068 648 2098 2.
1221 2068 1223 2070 ’

252 2114 297 2152 (5)
327 2112 530 2142 Venerat-ier.
565 2108 774 2155 παραγωγὴ.
