<?xml version="1.0" encoding="UTF-8"?>
<!DOCTYPE html PUBLIC "-//W3C//DTD XHTML 1.0 Transitional//EN"
    "http://www.w3.org/TR/xhtml1/DTD/xhtml1-transitional.dtd">
<html xmlns="http://www.w3.org/1999/xhtml" xml:lang="en" lang="en">
 <head>
  <title>
</title>
<meta http-equiv="Content-Type" content="text/html;charset=utf-8" />
  <meta name='ocr-system' content='tesseract 3.04.00' />
  <meta name='ocr-capabilities' content='ocr_page ocr_carea ocr_par ocr_line ocrx_word'/>
</head>
<body>
  <div class='ocr_page' id='page_1' title='image "./operaprud00pruduoft/operaprud00pruduoft_0269.png"; bbox 0 0 1566 2482; ppageno 0'>
   <div class='ocr_carea' id='block_1_1' title="bbox 0 0 1566 105">
    <p class='ocr_par' dir='ltr' id='par_1_1' title="bbox 0 0 1566 105">
     <span class='ocr_line' id='line_1_1' title="bbox 0 0 1566 105; baseline 0 2377"><span class='ocrx_word' id='word_1_1' title='bbox 0 0 1566 105; x_wconf 95' lang='lat' dir='ltr'> </span> 
     </span>
    </p>
   </div>
   <div class='ocr_carea' id='block_1_2' title="bbox 351 148 1283 207">
    <p class='ocr_par' dir='ltr' id='par_1_2' title="bbox 351 148 1283 207">
     <span class='ocr_line' id='line_1_2' title="bbox 351 148 1283 207; baseline -0.008 1"><span class='ocrx_word' id='word_1_2' title='bbox 351 149 353 153; x_wconf 37' lang='lat'><strong><em>¹</em></strong></span> <span class='ocrx_word' id='word_1_3' title='bbox 402 177 546 207; x_wconf 69' lang='lat' dir='ltr'>coum</span> <span class='ocrx_word' id='word_1_4' title='bbox 573 174 770 206; x_wconf 70' lang='lat' dir='ltr'>sunem</span> <span class='ocrx_word' id='word_1_5' title='bbox 795 148 1010 205; x_wconf 71' lang='lat' dir='ltr'>omnem</span> <span class='ocrx_word' id='word_1_6' title='bbox 1196 150 1283 202; x_wconf 48' lang='lat'>265⁷</span> 
     </span>
    </p>
   </div>
   <div class='ocr_carea' id='block_1_3' title="bbox 135 284 1273 1726">
    <p class='ocr_par' dir='ltr' id='par_1_3' title="bbox 189 284 1107 334">
     <span class='ocr_line' id='line_1_3' title="bbox 189 284 1107 334; baseline -0.007 -7"><span class='ocrx_word' id='word_1_7' title='bbox 189 287 392 334; x_wconf 81' lang='lat' dir='ltr'>Luxuriat3</span> <span class='ocrx_word' id='word_1_8' title='bbox 421 298 531 326; x_wconf 89' lang='lat' dir='ltr'>succo</span> <span class='ocrx_word' id='word_1_9' title='bbox 557 297 642 325; x_wconf 84' lang='lat' dir='ltr'>mox</span> <span class='ocrx_word' id='word_1_10' title='bbox 668 285 874 332; x_wconf 87' lang='lat' dir='ltr'>deficiente,</span> <span class='ocrx_word' id='word_1_11' title='bbox 902 284 973 323; x_wconf 91' lang='lat' dir='ltr'>sub</span> <span class='ocrx_word' id='word_1_12' title='bbox 999 284 1107 322; x_wconf 90' lang='lat' dir='ltr'>aestu</span> 
     </span>
    </p>

    <p class='ocr_par' dir='ltr' id='par_1_4' title="bbox 189 338 1058 390">
     <span class='ocr_line' id='line_1_4' title="bbox 189 338 1058 390; baseline -0.006 -10"><span class='ocrx_word' id='word_1_13' title='bbox 189 341 327 380; x_wconf 79' lang='lat' dir='ltr'>Sideris</span> <span class='ocrx_word' id='word_1_14' title='bbox 353 340 507 390; x_wconf 82' lang='lat' dir='ltr'><strong>igniferi</strong></span> <span class='ocrx_word' id='word_1_15' title='bbox 533 340 666 379; x_wconf 86' lang='lat' dir='ltr'>sitiens</span> <span class='ocrx_word' id='word_1_16' title='bbox 692 339 868 385; x_wconf 87' lang='lat' dir='ltr'>torretur,</span> <span class='ocrx_word' id='word_1_17' title='bbox 898 339 936 376; x_wconf 86' lang='lat' dir='ltr'>et</span> <span class='ocrx_word' id='word_1_18' title='bbox 962 338 1058 376; x_wconf 87' lang='lat' dir='ltr'>aret.</span> 
     </span>
    </p>

    <p class='ocr_par' dir='ltr' id='par_1_5' title="bbox 187 391 1273 710">
     <span class='ocr_line' id='line_1_5' title="bbox 189 391 1125 443; baseline -0.005 -9"><span class='ocrx_word' id='word_1_19' title='bbox 189 396 293 434; x_wconf 85' lang='lat' dir='ltr'>Neve</span> <span class='ocrx_word' id='word_1_20' title='bbox 319 394 360 433; x_wconf 92' lang='lat' dir='ltr'>in</span> <span class='ocrx_word' id='word_1_21' title='bbox 387 395 557 443; x_wconf 85' lang='lat' dir='ltr'>spinosos</span> <span class='ocrx_word' id='word_1_22' title='bbox 582 393 778 432; x_wconf 80' lang='lat' dir='ltr'>incurrant</span> <span class='ocrx_word' id='word_1_23' title='bbox 804 391 948 431; x_wconf 88' lang='lat' dir='ltr'>semina</span> <span class='ocrx_word' id='word_1_24' title='bbox 974 403 1125 439; x_wconf 88' lang='lat' dir='ltr'>vepres;</span> 
     </span>
     <span class='ocr_line' id='line_1_6' title="bbox 187 445 1230 498; baseline -0.005 -11"><span class='ocrx_word' id='word_1_25' title='bbox 187 450 334 498; x_wconf 87' lang='lat' dir='ltr'>Aspera</span> <span class='ocrx_word' id='word_1_26' title='bbox 359 459 447 486; x_wconf 91' lang='lat' dir='ltr'>nam</span> <span class='ocrx_word' id='word_1_27' title='bbox 474 449 637 496; x_wconf 76' lang='lat' dir='ltr'>segetem</span> <span class='ocrx_word' id='word_1_28' title='bbox 664 447 877 495; x_wconf 84' lang='lat' dir='ltr'>surgentem</span> <span class='ocrx_word' id='word_1_29' title='bbox 903 445 1056 484; x_wconf 87' lang='lat' dir='ltr'>vincula</span> <span class='ocrx_word' id='word_1_30' title='bbox 1083 446 1230 491; x_wconf 83' lang='lat' dir='ltr'>texunt,</span> 
     </span>
     <span class='ocr_line' id='line_1_7' title="bbox 189 498 1273 551; baseline -0.005 -10"><span class='ocrx_word' id='word_1_31' title='bbox 189 504 246 541; x_wconf 91' lang='lat' dir='ltr'>Ac</span> <span class='ocrx_word' id='word_1_32' title='bbox 264 501 418 551; x_wconf 82' lang='lat' dir='ltr'>fragiles</span> <span class='ocrx_word' id='word_1_33' title='bbox 436 501 599 540; x_wconf 84' lang='lat' dir='ltr'><strong>calamos</strong></span> <span class='ocrx_word' id='word_1_34' title='bbox 616 500 725 538; x_wconf 91' lang='lat' dir='ltr'>nodis</span> <span class='ocrx_word' id='word_1_35' title='bbox 742 500 857 538; x_wconf 88' lang='lat' dir='ltr'>rubus</span> <span class='ocrx_word' id='word_1_36' title='bbox 876 500 977 537; x_wconf 88' lang='lat' dir='ltr'>artat</span> <span class='ocrx_word' id='word_1_37' title='bbox 994 498 1128 537; x_wconf 85' lang='lat' dir='ltr'>acutis.</span> <span class='ocrx_word' id='word_1_38' title='bbox 1170 498 1273 536; x_wconf 89' lang='lat'>1030</span> 
     </span>
     <span class='ocr_line' id='line_1_8' title="bbox 188 552 1198 602; baseline -0.005 -8"><span class='ocrx_word' id='word_1_39' title='bbox 188 557 238 594; x_wconf 86' lang='lat' dir='ltr'>Et</span> <span class='ocrx_word' id='word_1_40' title='bbox 263 567 310 594; x_wconf 92' lang='lat' dir='ltr'>ne</span> <span class='ocrx_word' id='word_1_41' title='bbox 337 555 437 594; x_wconf 89' lang='lat' dir='ltr'>iacta</span> <span class='ocrx_word' id='word_1_42' title='bbox 463 555 546 593; x_wconf 86' lang='lat' dir='ltr'>viae</span> <span class='ocrx_word' id='word_1_43' title='bbox 573 555 801 602; x_wconf 85' lang='lat' dir='ltr'>spargantur</span> <span class='ocrx_word' id='word_1_44' title='bbox 827 552 868 591; x_wconf 94' lang='lat' dir='ltr'>in</span> <span class='ocrx_word' id='word_1_45' title='bbox 896 564 1033 601; x_wconf 87' lang='lat' dir='ltr'>aggere</span> <span class='ocrx_word' id='word_1_46' title='bbox 1061 563 1198 600; x_wconf 85' lang='lat' dir='ltr'>grana,</span> 
     </span>
     <span class='ocr_line' id='line_1_9' title="bbox 189 606 1270 657; baseline -0.006 -9"><span class='ocrx_word' id='word_1_47' title='bbox 189 610 292 648; x_wconf 89' lang='lat' dir='ltr'>Haec</span> <span class='ocrx_word' id='word_1_48' title='bbox 309 609 441 651; x_wconf 85' lang='lat' dir='ltr'>avibus</span> <span class='ocrx_word' id='word_1_49' title='bbox 460 608 549 657; x_wconf 89' lang='lat' dir='ltr'>quia</span> <span class='ocrx_word' id='word_1_50' title='bbox 566 607 669 646; x_wconf 85' lang='lat' dir='ltr'>nuda</span> <span class='ocrx_word' id='word_1_51' title='bbox 686 607 831 655; x_wconf 87' lang='lat' dir='ltr'>patent,</span> <span class='ocrx_word' id='word_1_52' title='bbox 851 606 1064 654; x_wconf 86' lang='lat' dir='ltr'>passimque</span> <span class='ocrx_word' id='word_1_53' title='bbox 1079 606 1270 651; x_wconf 81' lang='lat' dir='ltr'>vorantur,</span> 
     </span>
     <span class='ocr_line' id='line_1_10' title="bbox 188 659 1180 710; baseline -0.004 -9"><span class='ocrx_word' id='word_1_54' title='bbox 188 662 467 710; x_wconf 86' lang='lat' dir='ltr'>Immundisque</span> <span class='ocrx_word' id='word_1_55' title='bbox 494 661 619 700; x_wconf 85' lang='lat' dir='ltr'>iacent</span> <span class='ocrx_word' id='word_1_56' title='bbox 643 660 753 699; x_wconf 87' lang='lat' dir='ltr'>foeda</span> <span class='ocrx_word' id='word_1_57' title='bbox 779 660 828 698; x_wconf 90' lang='lat' dir='ltr'>ad</span> <span class='ocrx_word' id='word_1_58' title='bbox 855 659 1018 698; x_wconf 89' lang='lat' dir='ltr'>ludibria</span> <span class='ocrx_word' id='word_1_59' title='bbox 1046 659 1180 698; x_wconf 86' lang='lat' dir='ltr'>corvis.</span> 
     </span>
    </p>

    <p class='ocr_par' dir='ltr' id='par_1_6' title="bbox 135 712 1272 870">
     <span class='ocr_line' id='line_1_11' title="bbox 135 712 1072 764; baseline -0.004 -10"><span class='ocrx_word' id='word_1_60' title='bbox 135 717 208 755; x_wconf 91' lang='lat' dir='ltr'>His</span> <span class='ocrx_word' id='word_1_61' title='bbox 235 717 336 754; x_wconf 87' lang='lat' dir='ltr'>D&#39;eus</span> <span class='ocrx_word' id='word_1_62' title='bbox 362 715 567 764; x_wconf 86' lang='lat' dir='ltr'>agricolam</span> <span class='ocrx_word' id='word_1_63' title='bbox 594 715 791 753; x_wconf 86' lang='lat' dir='ltr'>confirmat</span> <span class='ocrx_word' id='word_1_64' title='bbox 816 713 986 762; x_wconf 84' lang='lat' dir='ltr'>legibus3</span> <span class='ocrx_word' id='word_1_65' title='bbox 1009 712 1072 751; x_wconf 92' lang='lat' dir='ltr'>ille</span> 
     </span>
     <span class='ocr_line' id='line_1_12' title="bbox 187 764 1268 870; baseline -0.005 -62"><span class='ocrx_word' id='word_1_66' title='bbox 187 771 253 808; x_wconf 90' lang='lat' dir='ltr'>Ius</span> <span class='ocrx_word' id='word_1_67' title='bbox 266 769 423 808; x_wconf 88' lang='lat' dir='ltr'>caeleste</span> <span class='ocrx_word' id='word_1_68' title='bbox 443 769 567 807; x_wconf 87' lang='lat' dir='ltr'>Patris</span> <span class='ocrx_word' id='word_1_69' title='bbox 585 779 661 807; x_wconf 92' lang='lat' dir='ltr'>non</span> <span class='ocrx_word' id='word_1_70' title='bbox 680 778 826 806; x_wconf 85' lang='lat' dir='ltr'>summa</span> <span class='ocrx_word' id='word_1_71' title='bbox 853 766 1035 815; x_wconf 87' lang='lat' dir='ltr'>intelligit</span> <span class='ocrx_word' id='word_1_72' title='bbox 1067 777 1163 870; x_wconf 76' lang='lat' dir='ltr'>aure[</span> <span class='ocrx_word' id='word_1_73' title='bbox 1184 764 1268 814; x_wconf 87' lang='lat'>(1);</span> 
     </span>
     <span class='ocr_line' id='line_1_13' title="bbox 217 818 1272 858; baseline -0.004 2"><span class='ocrx_word' id='word_1_74' title='bbox 217 834 220 837; x_wconf 95' lang='lat'>·</span> <span class='ocrx_word' id='word_1_75' title='bbox 1170 818 1272 858; x_wconf 81' lang='lat'>1035</span> 
     </span>
    </p>

    <p class='ocr_par' dir='ltr' id='par_1_7' title="bbox 185 872 1241 1084">
     <span class='ocr_line' id='line_1_14' title="bbox 186 872 1189 923; baseline -0.006 -8"><span class='ocrx_word' id='word_1_76' title='bbox 186 877 256 915; x_wconf 87' lang='lat' dir='ltr'>Sed</span> <span class='ocrx_word' id='word_1_77' title='bbox 283 876 394 915; x_wconf 89' lang='lat' dir='ltr'>simul</span> <span class='ocrx_word' id='word_1_78' title='bbox 421 877 458 914; x_wconf 90' lang='lat' dir='ltr'>et</span> <span class='ocrx_word' id='word_1_79' title='bbox 484 875 605 914; x_wconf 89' lang='lat' dir='ltr'>cordis</span> <span class='ocrx_word' id='word_1_80' title='bbox 633 876 795 923; x_wconf 86' lang='lat' dir='ltr'>segetem</span> <span class='ocrx_word' id='word_1_81' title='bbox 824 873 1002 921; x_wconf 87' lang='lat' dir='ltr'>disponit,</span> <span class='ocrx_word' id='word_1_82' title='bbox 1028 874 1064 911; x_wconf 90' lang='lat' dir='ltr'>et</span> <span class='ocrx_word' id='word_1_83' title='bbox 1091 872 1189 921; x_wconf 87' lang='lat' dir='ltr'>agri,</span> 
     </span>
     <span class='ocr_line' id='line_1_15' title="bbox 187 926 1134 976; baseline -0.004 -8"><span class='ocrx_word' id='word_1_84' title='bbox 187 931 245 968; x_wconf 89' lang='lat' dir='ltr'>Ne</span> <span class='ocrx_word' id='word_1_85' title='bbox 273 930 398 968; x_wconf 91' lang='lat' dir='ltr'>minus</span> <span class='ocrx_word' id='word_1_86' title='bbox 426 929 572 967; x_wconf 82' lang='lat' dir='ltr'>interno</span> <span class='ocrx_word' id='word_1_87' title='bbox 599 928 747 966; x_wconf 82' lang='lat' dir='ltr'>niteant</span> <span class='ocrx_word' id='word_1_88' title='bbox 773 927 989 976; x_wconf 88' lang='lat' dir='ltr'>praecordia</span> <span class='ocrx_word' id='word_1_89' title='bbox 1015 926 1134 973; x_wconf 88' lang='lat' dir='ltr'>cultu,</span> 
     </span>
     <span class='ocr_line' id='line_1_16' title="bbox 186 980 1241 1032; baseline -0.004 -11"><span class='ocrx_word' id='word_1_90' title='bbox 186 984 304 1030; x_wconf 87' lang='lat' dir='ltr'>Quam</span> <span class='ocrx_word' id='word_1_91' title='bbox 331 994 444 1032; x_wconf 89' lang='lat' dir='ltr'>quum</span> <span class='ocrx_word' id='word_1_92' title='bbox 471 983 572 1021; x_wconf 89' lang='lat' dir='ltr'>laeta</span> <span class='ocrx_word' id='word_1_93' title='bbox 599 993 687 1020; x_wconf 87' lang='lat' dir='ltr'>suas</span> <span class='ocrx_word' id='word_1_94' title='bbox 714 982 907 1020; x_wconf 86' lang='lat' dir='ltr'>ostentant</span> <span class='ocrx_word' id='word_1_95' title='bbox 932 980 1063 1028; x_wconf 89' lang='lat' dir='ltr'>iugera</span> <span class='ocrx_word' id='word_1_96' title='bbox 1089 991 1241 1018; x_wconf 87' lang='lat' dir='ltr'>messes.</span> 
     </span>
     <span class='ocr_line' id='line_1_17' title="bbox 185 1035 1144 1084; baseline -0.004 -9"><span class='ocrx_word' id='word_1_97' title='bbox 185 1037 445 1084; x_wconf 81' lang='lat' dir='ltr'>Exstirpamus</span> <span class='ocrx_word' id='word_1_98' title='bbox 473 1036 572 1074; x_wconf 91' lang='lat' dir='ltr'>enim</span> <span class='ocrx_word' id='word_1_99' title='bbox 600 1037 724 1074; x_wconf 88' lang='lat' dir='ltr'>sentos</span> <span class='ocrx_word' id='word_1_100' title='bbox 752 1035 798 1072; x_wconf 92' lang='lat' dir='ltr'>de</span> <span class='ocrx_word' id='word_1_101' title='bbox 825 1037 971 1083; x_wconf 89' lang='lat' dir='ltr'>pectore</span> <span class='ocrx_word' id='word_1_102' title='bbox 999 1045 1144 1082; x_wconf 90' lang='lat' dir='ltr'>vepres,</span> 
     </span>
    </p>

    <p class='ocr_par' dir='ltr' id='par_1_8' title="bbox 159 1086 1271 1618">
     <span class='ocr_line' id='line_1_18' title="bbox 184 1086 1271 1137; baseline -0.003 -8"><span class='ocrx_word' id='word_1_103' title='bbox 184 1090 242 1128; x_wconf 87' lang='lat' dir='ltr'>Ne</span> <span class='ocrx_word' id='word_1_104' title='bbox 270 1090 405 1128; x_wconf 87' lang='lat' dir='ltr'>vitiosa</span> <span class='ocrx_word' id='word_1_105' title='bbox 432 1091 567 1128; x_wconf 88' lang='lat' dir='ltr'>necent</span> <span class='ocrx_word' id='word_1_106' title='bbox 593 1099 746 1137; x_wconf 87' lang='lat' dir='ltr'>germen</span> <span class='ocrx_word' id='word_1_107' title='bbox 774 1087 887 1126; x_wconf 89' lang='lat' dir='ltr'>vitale</span> <span class='ocrx_word' id='word_1_108' title='bbox 915 1087 1083 1136; x_wconf 87' lang='lat' dir='ltr'>flagella,</span> <span class='ocrx_word' id='word_1_109' title='bbox 1169 1086 1271 1126; x_wconf 87' lang='lat'>1040</span> 
     </span>
     <span class='ocr_line' id='line_1_19' title="bbox 159 1140 1241 1192; baseline -0.004 -10"><span class='ocrx_word' id='word_1_110' title='bbox 159 1144 162 1146; x_wconf 84' lang='grc'><strong>’</strong></span> <span class='ocrx_word' id='word_1_111' title='bbox 184 1144 242 1182; x_wconf 86' lang='lat' dir='ltr'>Ne</span> <span class='ocrx_word' id='word_1_112' title='bbox 268 1143 414 1192; x_wconf 89' lang='lat' dir='ltr'>frugem</span> <span class='ocrx_word' id='word_1_113' title='bbox 441 1145 674 1192; x_wconf 83' lang='lat' dir='ltr'>segetemque</span> <span class='ocrx_word' id='word_1_114' title='bbox 702 1141 850 1180; x_wconf 90' lang='lat' dir='ltr'>animae</span> <span class='ocrx_word' id='word_1_115' title='bbox 878 1141 1032 1189; x_wconf 88' lang='lat' dir='ltr'>spinosa</span> <span class='ocrx_word' id='word_1_116' title='bbox 1058 1140 1241 1179; x_wconf 88' lang='lat' dir='ltr'>malorum</span> 
     </span>
     <span class='ocr_line' id='line_1_20' title="bbox 184 1194 1131 1245; baseline -0.001 -10"><span class='ocrx_word' id='word_1_117' title='bbox 184 1197 371 1245; x_wconf 85' lang='lat' dir='ltr'>Impediat</span> <span class='ocrx_word' id='word_1_118' title='bbox 397 1196 515 1235; x_wconf 89' lang='lat' dir='ltr'>sentis</span> <span class='ocrx_word' id='word_1_119' title='bbox 542 1196 722 1235; x_wconf 87' lang='lat' dir='ltr'>scelerum</span> <span class='ocrx_word' id='word_1_120' title='bbox 748 1195 961 1243; x_wconf 84' lang='lat' dir='ltr'>peccamine</span> <span class='ocrx_word' id='word_1_121' title='bbox 988 1194 1131 1242; x_wconf 87' lang='lat' dir='ltr'>crebro,</span> 
     </span>
     <span class='ocr_line' id='line_1_21' title="bbox 185 1248 1031 1289; baseline -0.004 0"><span class='ocrx_word' id='word_1_122' title='bbox 185 1250 320 1289; x_wconf 86' lang='lat' dir='ltr'>Glarea</span> <span class='ocrx_word' id='word_1_123' title='bbox 342 1261 394 1288; x_wconf 89' lang='lat' dir='ltr'>ne</span> <span class='ocrx_word' id='word_1_124' title='bbox 420 1250 545 1288; x_wconf 90' lang='lat' dir='ltr'>tenuis</span> <span class='ocrx_word' id='word_1_125' title='bbox 571 1249 708 1288; x_wconf 78' lang='lat' dir='ltr'>ieiunis</span> <span class='ocrx_word' id='word_1_126' title='bbox 725 1249 860 1288; x_wconf 84' lang='lat' dir='ltr'>siccet·</span> <span class='ocrx_word' id='word_1_127' title='bbox 879 1248 1005 1287; x_wconf 87' lang='lat' dir='ltr'>arenis</span> <span class='ocrx_word' id='word_1_128' title='bbox 1028 1269 1031 1272; x_wconf 42' lang='lat'><strong>⁴</strong></span> 
     </span>
     <span class='ocr_line' id='line_1_22' title="bbox 183 1301 1217 1350; baseline -0.003 -8"><span class='ocrx_word' id='word_1_129' title='bbox 183 1304 409 1343; x_wconf 85' lang='lat' dir='ltr'>Marcentem</span> <span class='ocrx_word' id='word_1_130' title='bbox 437 1304 508 1342; x_wconf 90' lang='lat' dir='ltr'>sub</span> <span class='ocrx_word' id='word_1_131' title='bbox 533 1304 642 1342; x_wconf 87' lang='lat' dir='ltr'>corde</span> <span class='ocrx_word' id='word_1_132' title='bbox 668 1303 800 1341; x_wconf 88' lang='lat' dir='ltr'>fidem:</span> <span class='ocrx_word' id='word_1_133' title='bbox 832 1314 879 1340; x_wconf 90' lang='lat' dir='ltr'>ne</span> <span class='ocrx_word' id='word_1_134' title='bbox 905 1301 1065 1350; x_wconf 88' lang='lat' dir='ltr'>pectoris</span> <span class='ocrx_word' id='word_1_135' title='bbox 1091 1302 1217 1340; x_wconf 87' lang='lat' dir='ltr'>aestus</span> 
     </span>
     <span class='ocr_line' id='line_1_23' title="bbox 184 1354 1268 1406; baseline -0.004 -10"><span class='ocrx_word' id='word_1_136' title='bbox 184 1357 351 1406; x_wconf 82' lang='lat' dir='ltr'>Flagret,</span> <span class='ocrx_word' id='word_1_137' title='bbox 381 1359 419 1395; x_wconf 89' lang='lat' dir='ltr'>et</span> <span class='ocrx_word' id='word_1_138' title='bbox 438 1357 564 1395; x_wconf 83' lang='lat' dir='ltr'>effetis</span> <span class='ocrx_word' id='word_1_139' title='bbox 589 1358 676 1395; x_wconf 88' lang='lat' dir='ltr'>urat</span> <span class='ocrx_word' id='word_1_140' title='bbox 702 1356 931 1394; x_wconf 85' lang='lat' dir='ltr'>charismata</span> <span class='ocrx_word' id='word_1_141' title='bbox 957 1356 1078 1394; x_wconf 85' lang='lat' dir='ltr'>venis.</span> <span class='ocrx_word' id='word_1_142' title='bbox 1165 1354 1268 1393; x_wconf 79' lang='lat'>1045</span> 
     </span>
     <span class='ocr_line' id='line_1_24' title="bbox 184 1409 1164 1459; baseline -0.003 -10"><span class='ocrx_word' id='word_1_143' title='bbox 184 1411 351 1459; x_wconf 90' lang='lat' dir='ltr'>Denique</span> <span class='ocrx_word' id='word_1_144' title='bbox 379 1422 426 1449; x_wconf 92' lang='lat' dir='ltr'>ne</span> <span class='ocrx_word' id='word_1_145' title='bbox 452 1410 583 1454; x_wconf 88' lang='lat' dir='ltr'>iecoris</span> <span class='ocrx_word' id='word_1_146' title='bbox 610 1409 746 1448; x_wconf 86' lang='lat' dir='ltr'>detrita</span> <span class='ocrx_word' id='word_1_147' title='bbox 773 1410 814 1447; x_wconf 94' lang='lat' dir='ltr'>in</span> <span class='ocrx_word' id='word_1_148' title='bbox 840 1411 946 1458; x_wconf 87' lang='lat' dir='ltr'>parte</span> <span class='ocrx_word' id='word_1_149' title='bbox 976 1409 1164 1457; x_wconf 87' lang='lat' dir='ltr'>relinquat</span> 
     </span>
     <span class='ocr_line' id='line_1_25' title="bbox 184 1462 1266 1511; baseline -0.002 -9"><span class='ocrx_word' id='word_1_150' title='bbox 184 1463 282 1502; x_wconf 91' lang='lat' dir='ltr'>Vilis</span> <span class='ocrx_word' id='word_1_151' title='bbox 308 1475 398 1502; x_wconf 90' lang='lat' dir='ltr'>cura</span> <span class='ocrx_word' id='word_1_152' title='bbox 430 1464 571 1502; x_wconf 89' lang='lat' dir='ltr'>Deum:</span> <span class='ocrx_word' id='word_1_153' title='bbox 602 1475 649 1501; x_wconf 87' lang='lat' dir='ltr'>ne</span> <span class='ocrx_word' id='word_1_154' title='bbox 682 1475 799 1510; x_wconf 89' lang='lat' dir='ltr'>spem,</span> <span class='ocrx_word' id='word_1_155' title='bbox 829 1474 904 1511; x_wconf 88' lang='lat' dir='ltr'>qua</span> <span class='ocrx_word' id='word_1_156' title='bbox 931 1462 1114 1500; x_wconf 84' lang='lat' dir='ltr'>vescimur</span> <span class='ocrx_word' id='word_1_157' title='bbox 1146 1462 1266 1509; x_wconf 83' lang='lat' dir='ltr'>intus,</span> 
     </span>
     <span class='ocr_line' id='line_1_26' title="bbox 185 1515 1267 1565; baseline -0.003 -10"><span class='ocrx_word' id='word_1_158' title='bbox 185 1517 354 1564; x_wconf 89' lang='lat' dir='ltr'>Deserat,</span> <span class='ocrx_word' id='word_1_159' title='bbox 375 1516 615 1565; x_wconf 89' lang='lat' dir='ltr'>obscenisque</span> <span class='ocrx_word' id='word_1_160' title='bbox 634 1516 766 1554; x_wconf 85' lang='lat' dir='ltr'>avibus</span> <span class='ocrx_word' id='word_1_161' title='bbox 786 1516 844 1564; x_wconf 86' lang='lat'>(2)</span> <span class='ocrx_word' id='word_1_162' title='bbox 863 1515 1054 1563; x_wconf 87' lang='lat' dir='ltr'>permittat</span> <span class='ocrx_word' id='word_1_163' title='bbox 1070 1515 1267 1563; x_wconf 85' lang='lat' dir='ltr'>edendam,</span> 
     </span>
     <span class='ocr_line' id='line_1_27' title="bbox 185 1568 1092 1618; baseline -0.001 -10"><span class='ocrx_word' id='word_1_164' title='bbox 185 1571 236 1608; x_wconf 87' lang='lat' dir='ltr'>Et</span> <span class='ocrx_word' id='word_1_165' title='bbox 261 1570 424 1618; x_wconf 88' lang='lat' dir='ltr'>proiecta</span> <span class='ocrx_word' id='word_1_166' title='bbox 451 1570 542 1608; x_wconf 85' lang='lat' dir='ltr'>fides</span> <span class='ocrx_word' id='word_1_167' title='bbox 569 1570 668 1608; x_wconf 90' lang='lat' dir='ltr'>hosti</span> <span class='ocrx_word' id='word_1_168' title='bbox 695 1569 746 1607; x_wconf 86' lang='lat' dir='ltr'>sit</span> <span class='ocrx_word' id='word_1_169' title='bbox 771 1570 910 1617; x_wconf 84' lang='lat' dir='ltr'>praeda</span> <span class='ocrx_word' id='word_1_170' title='bbox 938 1568 1092 1608; x_wconf 87' lang='lat' dir='ltr'>volucri.</span> 
     </span>
    </p>

    <p class='ocr_par' dir='ltr' id='par_1_9' title="bbox 183 1621 1269 1726">
     <span class='ocr_line' id='line_1_28' title="bbox 184 1621 1269 1670; baseline -0.001 -9"><span class='ocrx_word' id='word_1_171' title='bbox 184 1623 287 1661; x_wconf 80' lang='lat' dir='ltr'>&#39;l&#39;alis</span> <span class='ocrx_word' id='word_1_172' title='bbox 314 1625 522 1662; x_wconf 88' lang='lat' dir='ltr'>nostrorum</span> <span class='ocrx_word' id='word_1_173' title='bbox 549 1622 715 1661; x_wconf 84' lang='lat' dir='ltr'>sollertia</span> <span class='ocrx_word' id='word_1_174' title='bbox 740 1622 1009 1670; x_wconf 86' lang='lat' dir='ltr'>centuplicatos</span> <span class='ocrx_word' id='word_1_175' title='bbox 1145 1621 1269 1660; x_wconf 49' lang='lat'>*1050</span> 
     </span>
     <span class='ocr_line' id='line_1_29' title="bbox 183 1675 1213 1726; baseline -0.001 -11"><span class='ocrx_word' id='word_1_176' title='bbox 183 1678 370 1726; x_wconf 84' lang='lat' dir='ltr'>Agrorum</span> <span class='ocrx_word' id='word_1_177' title='bbox 396 1676 535 1726; x_wconf 89' lang='lat' dir='ltr'>redigit</span> <span class='ocrx_word' id='word_1_178' title='bbox 565 1676 730 1716; x_wconf 87' lang='lat' dir='ltr'>fructus:</span> <span class='ocrx_word' id='word_1_179' title='bbox 762 1676 897 1725; x_wconf 89' lang='lat' dir='ltr'>quibus</span> <span class='ocrx_word' id='word_1_180' title='bbox 928 1675 1051 1714; x_wconf 91' lang='lat' dir='ltr'>acrius</span> <span class='ocrx_word' id='word_1_181' title='bbox 1077 1675 1213 1723; x_wconf 87' lang='lat' dir='ltr'>instat,</span> 
     </span>
    </p>
   </div>
   <div class='ocr_carea' id='block_1_4' title="bbox 129 1813 1269 1950">
    <p class='ocr_par' dir='ltr' id='par_1_10' title="bbox 129 1813 1269 1950">
     <span class='ocr_line' id='line_1_30' title="bbox 190 1813 1269 1853; baseline -0.001 -9"><span class='ocrx_word' id='word_1_182' title='bbox 190 1814 235 1853; x_wconf 91' lang='lat'>(1)</span> <span class='ocrx_word' id='word_1_183' title='bbox 258 1823 324 1844; x_wconf 80' lang='lat' dir='ltr'>non</span> <span class='ocrx_word' id='word_1_184' title='bbox 344 1823 476 1845; x_wconf 69' lang='lat' dir='ltr'>summa</span> <span class='ocrx_word' id='word_1_185' title='bbox 497 1815 656 1853; x_wconf 62' lang='lat' dir='ltr'>intelligit</span> <span class='ocrx_word' id='word_1_186' title='bbox 669 1823 764 1845; x_wconf 74' lang='lat' dir='ltr'>aure.</span> <span class='ocrx_word' id='word_1_187' title='bbox 780 1814 847 1844; x_wconf 89' lang='lat' dir='ltr'>Non</span> <span class='ocrx_word' id='word_1_188' title='bbox 864 1813 987 1849; x_wconf 77' lang='lat' dir='ltr'>leviter,</span> <span class='ocrx_word' id='word_1_189' title='bbox 1014 1814 1048 1843; x_wconf 89' lang='lat' dir='ltr'>et</span> <span class='ocrx_word' id='word_1_190' title='bbox 1070 1813 1158 1850; x_wconf 83' lang='lat' dir='ltr'>quasi</span> <span class='ocrx_word' id='word_1_191' title='bbox 1181 1813 1269 1843; x_wconf 82' lang='lat' dir='ltr'>aliud</span> 
     </span>
     <span class='ocr_line' id='line_1_31' title="bbox 129 1852 1264 1901; baseline -0.004 -11"><span class='ocrx_word' id='word_1_192' title='bbox 129 1861 268 1897; x_wconf 76' lang='lat' dir='ltr'>agendo:</span> <span class='ocrx_word' id='word_1_193' title='bbox 298 1863 331 1892; x_wconf 85' lang='lat' dir='ltr'>et</span> <span class='ocrx_word' id='word_1_194' title='bbox 365 1861 441 1892; x_wconf 80' lang='lat' dir='ltr'>haec</span> <span class='ocrx_word' id='word_1_195' title='bbox 470 1862 618 1892; x_wconf 82' lang='lat' dir='ltr'>dicuntur</span> <span class='ocrx_word' id='word_1_196' title='bbox 633 1862 854 1901; x_wconf 85' lang='lat' dir='ltr'>perfunctorie,</span> <span class='ocrx_word' id='word_1_197' title='bbox 891 1855 976 1901; x_wconf 82' lang='grc' dir='ltr'>πρὸς</span> <span class='ocrx_word' id='word_1_198' title='bbox 1001 1852 1201 1900; x_wconf 81' lang='grc' dir='ltr'>ἀφοσίωσιν.</span> <span class='ocrx_word' id='word_1_199' title='bbox 1228 1859 1264 1892; x_wconf 77' lang='lat' dir='ltr'>v,</span> 
     </span>
     <span class='ocr_line' id='line_1_32' title="bbox 133 1901 1265 1950; baseline 0.002 -13"><span class='ocrx_word' id='word_1_200' title='bbox 133 1901 228 1950; x_wconf 83' lang='grc' dir='ltr'><strong>Ψυχ.</strong></span> <span class='ocrx_word' id='word_1_201' title='bbox 251 1909 323 1940; x_wconf 81' lang='lat'>796.</span> <span class='ocrx_word' id='word_1_202' title='bbox 340 1909 430 1948; x_wconf 82' lang='lat' dir='ltr'>Apud</span> <span class='ocrx_word' id='word_1_203' title='bbox 442 1909 554 1941; x_wconf 73' lang='lat' dir='ltr'>Hzms.</span> <span class='ocrx_word' id='word_1_204' title='bbox 571 1910 742 1940; x_wconf 72' lang='lat' dir='ltr'>&#39;rnunzvs</span> <span class='ocrx_word' id='word_1_205' title='bbox 764 1918 818 1948; x_wconf 90' lang='lat' dir='ltr'>pro</span> <span class='ocrx_word' id='word_1_206' title='bbox 833 1909 959 1939; x_wconf 79' lang='lat' dir='ltr'>diversa</span> <span class='ocrx_word' id='word_1_207' title='bbox 974 1909 1131 1946; x_wconf 80' lang='lat' dir='ltr'>scriptura</span> <span class='ocrx_word' id='word_1_208' title='bbox 1153 1908 1265 1939; x_wconf 79' lang='lat' dir='ltr'>habet:</span> 
     </span>
    </p>
   </div>
   <div class='ocr_carea' id='block_1_5' title="bbox 128 1951 1265 2032">
    <p class='ocr_par' dir='ltr' id='par_1_11' title="bbox 128 1951 1265 2032">
     <span class='ocr_line' id='line_1_33' title="bbox 128 1951 370 1982; baseline 0.004 -1"><span class='ocrx_word' id='word_1_209' title='bbox 128 1964 171 1977; x_wconf 88' lang='lat'><strong><em>=</em></strong></span> <span class='ocrx_word' id='word_1_210' title='bbox 181 1961 246 1981; x_wconf 77' lang='lat' dir='ltr'>non</span> <span class='ocrx_word' id='word_1_211' title='bbox 259 1951 370 1982; x_wconf 73' lang='lat' dir='ltr'>surde.</span> 
     </span>
     <span class='ocr_line' id='line_1_34' title="bbox 191 1990 1265 2032; baseline -0.001 -10"><span class='ocrx_word' id='word_1_212' title='bbox 191 1993 236 2032; x_wconf 81' lang='lat'>(2)</span> <span class='ocrx_word' id='word_1_213' title='bbox 259 1993 466 2031; x_wconf 70' lang='lat' dir='ltr'>obscenisque</span> <span class='ocrx_word' id='word_1_214' title='bbox 494 1993 621 2023; x_wconf 79' lang='lat' dir='ltr'>avibus.</span> <span class='ocrx_word' id='word_1_215' title='bbox 653 2009 691 2014; x_wconf 97' lang='lat'><strong>—</strong></span> <span class='ocrx_word' id='word_1_216' title='bbox 715 1992 878 2029; x_wconf 75' lang='lat' dir='ltr'>Obscenis,</span> <span class='ocrx_word' id='word_1_217' title='bbox 901 1995 931 2022; x_wconf 81' lang='lat' dir='ltr'>et</span> <span class='ocrx_word' id='word_1_218' title='bbox 952 1992 1114 2022; x_wconf 69' lang='lat' dir='ltr'>obscoenis</span> <span class='ocrx_word' id='word_1_219' title='bbox 1135 1990 1265 2021; x_wconf 74' lang='lat' dir='ltr'>avibus.</span> 
     </span>
    </p>
   </div>
   <div class='ocr_carea' id='block_1_6' title="bbox 127 2032 1266 2161">
    <p class='ocr_par' dir='ltr' id='par_1_12' title="bbox 127 2032 1266 2161">
     <span class='ocr_line' id='line_1_35' title="bbox 129 2032 1265 2076; baseline -0.003 -6"><span class='ocrx_word' id='word_1_220' title='bbox 129 2039 283 2070; x_wconf 73' lang='lat' dir='ltr'>obscenus</span> <span class='ocrx_word' id='word_1_221' title='bbox 304 2032 464 2073; x_wconf 77' lang='grc' dir='ltr'><strong>ἆπαὶσιος</strong></span> <span class='ocrx_word' id='word_1_222' title='bbox 478 2041 637 2071; x_wconf 70' lang='lat' dir='ltr'>adjectiva</span> <span class='ocrx_word' id='word_1_223' title='bbox 657 2049 714 2071; x_wconf 84' lang='lat' dir='ltr'>vox</span> <span class='ocrx_word' id='word_1_224' title='bbox 731 2040 846 2070; x_wconf 83' lang='lat' dir='ltr'>malum</span> <span class='ocrx_word' id='word_1_225' title='bbox 870 2041 903 2070; x_wconf 75' lang='lat' dir='ltr'>ei,</span> <span class='ocrx_word' id='word_1_226' title='bbox 916 2040 1010 2070; x_wconf 81' lang='lat' dir='ltr'>triste</span> <span class='ocrx_word' id='word_1_227' title='bbox 1030 2047 1118 2069; x_wconf 91' lang='lat' dir='ltr'>omen</span> <span class='ocrx_word' id='word_1_228' title='bbox 1142 2038 1265 2076; x_wconf 85' lang='lat' dir='ltr'>porten-</span> 
     </span>
     <span class='ocr_line' id='line_1_36' title="bbox 127 2080 1266 2155; baseline -0.002 -43"><span class='ocrx_word' id='word_1_229' title='bbox 127 2082 254 2155; x_wconf 49' lang='lat' dir='ltr'>deInsIob</span> <span class='ocrx_word' id='word_1_230' title='bbox 267 2082 507 2154; x_wconf 45' lang='lat' dir='ltr'>{urpitudinen</span> <span class='ocrx_word' id='word_1_231' title='bbox 523 2082 756 2113; x_wconf 76' lang='lat' dir='ltr'>deformitatem</span> <span class='ocrx_word' id='word_1_232' title='bbox 770 2083 804 2112; x_wconf 88' lang='lat' dir='ltr'>et</span> <span class='ocrx_word' id='word_1_233' title='bbox 819 2082 1061 2113; x_wconf 82' lang='lat' dir='ltr'>immunditiam.</span> <span class='ocrx_word' id='word_1_234' title='bbox 1075 2081 1112 2113; x_wconf 84' lang='lat' dir='ltr'>V.</span> <span class='ocrx_word' id='word_1_235' title='bbox 1122 2080 1266 2111; x_wconf 56' lang='lat' dir='ltr'>vinnon.</span> 
     </span>
     <span class='ocr_line' id='line_1_37' title="bbox 175 2146 299 2161; baseline -0.008 -5"><span class='ocrx_word' id='word_1_236' title='bbox 175 2147 183 2161; x_wconf 91' lang='lat'>‚</span> <span class='ocrx_word' id='word_1_237' title='bbox 234 2147 242 2156; x_wconf 87' lang='lat'><strong>.</strong></span> <span class='ocrx_word' id='word_1_238' title='bbox 290 2146 299 2155; x_wconf 90' lang='lat'>.</span> 
     </span>
    </p>
   </div>
  </div>
 </body>
</html>
