1566 2482
2 2406 14 2457 ..Ἣ

403 171 546 201 comA
573 144 770 202 sritnricm
796 173 1009 205 omnem
1200 165 1279 207 257

188 281 269 320 Aut
295 281 414 327 docet,
440 282 608 321 occultus
638 293 733 331 quae
765 294 874 322 sacra
905 283 1093 333 Diespiter
1121 285 1250 326 infans

190 334 296 372 Inter
319 333 482 374 tinnitus
509 335 604 374 solvi
631 336 703 374 sibi
730 338 860 385 poscat
887 342 1014 377 aenos.
1199 341 1277 379 860

190 388 344 436 Iamque
382 389 603 437 Lupercales
629 389 783 436 ferulae,
813 391 975 440 nudique
1002 393 1180 440 petuntur

188 441 388 480 Discursus
414 441 613 481 iuvenum:
643 444 870 492 Megalesius
897 445 986 484 hinc
1013 447 1144 494 spado,
1166 447 1257 487 diris

188 495 370 534 Incensus
397 494 521 543 furiis,
552 508 661 536 caeca
689 497 736 535 ad
764 509 944 546 responsa
971 501 1138 538 vocatur.

189 549 298 595 Sunt,
327 548 391 595 qui
418 549 623 597 quadriviis
649 551 879 590 brevioribus
911 551 964 590 ire
991 554 1114 601 parati

188 601 290 640 Vilia
316 601 476 641 Niliacis
503 605 729 643 venerantur
756 605 924 645 oluscula
951 605 990 644 in
1020 607 1163 646 hortis:
1195 609 1273 647 865

190 656 343 693 Porrum
371 657 409 694 et
435 667 522 705 cepe
549 657 637 696 deos
663 658 850 706 imponere
878 659 1039 699 nubibus
1067 661 1149 700 ausi
1179 661 1260 713 (1),

187 708 376 757 Alliaque,
405 710 442 748 et
468 711 623 759 serapin
649 711 743 750 caeli
770 724 880 760 super
906 714 1010 751 astra
1037 714 1173 753 locare.

188 762 262 800 Isis
289 762 404 809 enim,
433 765 471 801 et
497 764 660 813 Serapis,
690 767 728 804 et
754 766 891 814 grandi
919 766 1030 805 simia
1056 769 1192 816 cauda,

188 816 237 854 Et
262 816 466 855 crocodilus
492 817 606 864 idem,
636 819 733 867 quod
756 820 868 866 Iuno,
890 820 1074 868 Laverna‚
1096 822 1271 870 Priapus.

188 870 268 907 Hos
294 871 352 916 tu,
382 869 485 917 Nile,
513 871 620 918 colis,
651 872 736 911 illos
762 874 805 911 tu
831 873 953 912 Tibris
980 874 1136 913 adoras:
1196 877 1274 916 870

186 923 272 961 Vna
298 923 512 970 superstitio
545 926 616 972 est,
646 926 818 974 quamvis
850 937 924 965 non
957 928 1127 967 concolor
1157 941 1270 969 error.

187 975 288 1014 Hinc
315 976 392 1014 alia
418 977 580 1016 exoritur
606 979 813 1018 tenebrosis
839 980 939 1019 tecta
965 980 1114 1021 frutetis

185 1029 338 1076 Semsta,
368 1042 478 1078 quam
507 1032 664 1080 pecudes
691 1034 730 1071 et
755 1034 860 1072 muta
887 1034 1069 1073 animalia
1095 1037 1270 1085 carpunt,

184 1083 356 1131 Quaeque
382 1083 505 1123 latens
532 1085 639 1124 silvis
666 1085 841 1134 operitur.
864 1087 1002 1126 Nescia
1028 1089 1121 1128 caeli

184 1136 293 1174 Mens
319 1137 527 1185 hominum,
544 1150 655 1178 saevo
667 1139 800 1179 vivens
813 1141 963 1189 captiva
976 1143 1161 1191 tyranno!
1194 1144 1270 1182 875

185 1190 287 1228 Haec
302 1191 411 1238 putat
429 1203 508 1230 esse
528 1193 646 1231 Deum
665 1193 834 1233 nullum:
855 1206 1016 1244 namque
1036 1197 1162 1235 omnia
1178 1198 1273 1236 verti

185 1243 355 1290 Casibus,
383 1245 421 1282 et
447 1245 551 1284 nullo
578 1247 649 1285 sub
676 1247 844 1295 praeside
872 1249 996 1287 saecla
1022 1251 1152 1289 rotari.

183 1297 265 1335 Hoc
292 1296 363 1335 iter
389 1298 679 1348 haudquaquam
707 1312 846 1349 magno
873 1302 1087 1342 discrimine
1116 1303 1232 1342 distat

184 1350 298 1388 Hisce
325 1350 412 1396 viis,
443 1363 536 1400 quas
565 1364 630 1392 vos
657 1353 794 1401 teritis,
825 1355 889 1404 qui
916 1357 1073 1395 numina
1099 1357 1234 1404 multa,

185 1403 234 1440 Et
247 1404 433 1451 portenta,
450 1406 567 1444 Deum
589 1418 788 1455 summum,
804 1420 1000 1448 numerosa
1013 1411 1170 1459 putatis.
1193 1412 1270 1450 880

183 1455 368 1503 Simplicis
395 1469 483 1506 ergo
509 1459 591 1498 viae
619 1460 692 1498 dux
719 1463 777 1499 est
804 1462 926 1501 Deus:
957 1463 1020 1502 ille
1047 1476 1111 1512 per
1138 1476 1250 1503 unam

185 1509 244 1546 Ire
273 1509 375 1547 iubet
401 1511 555 1550 mortale
581 1524 715 1561 genus,
746 1526 857 1562 qnam
885 1515 1016 1564 dirigit
1044 1517 1123 1565 ipse

183 1561 344 1601 Sublime
373 1563 500 1603 dextro
527 1565 664 1604 celsam
692 1567 740 1604 ad
768 1567 924 1617 fastigia
951 1570 1061 1608 clivo.

186 1615 309 1653 Prima
335 1616 417 1655 viae
445 1617 560 1657 facies
585 1619 728 1658 inculta
758 1619 835 1670 (2),
865 1623 1100 1670 subhorrida,
1121 1624 1257 1670 tristis,

183 1668 367 1716 Difficilis,
397 1672 462 1709 sed
491 1672 564 1710 fine
592 1673 650 1711 sui
678 1674 941 1723 pulcherrima,
973 1678 1009 1715 et
1037 1678 1174 1726 amplis
1190 1679 1267 1717 885

184 1722 357 1761 Praedita
385 1724 542 1772 divitiis,
572 1727 610 1764 et
636 1727 835 1767 abundans
861 1729 943 1768 luce
976 1731 1146 1779 perenni,

193 1845 238 1883 (1)
259 1847 405 1878 Por-rum
435 1852 465 1879 et
491 1859 561 1888 cepe
581 1850 655 1880 deos
676 1852 844 1891 imponere
869 1854 1016 1885 nubibus
1043 1858 1132 1886 ausi.
1155 1857 1267 1888 Huius-

130 1887 210 1917 modi
231 1887 303 1918 deos
322 1889 402 1919 salse
430 1891 564 1922 irridens
596 1893 626 1922 in
649 1892 719 1925 Sat.
743 1893 818 1929 XV.
846 1895 884 1926 10
907 1895 1072 1928 Ivvmums
1093 1899 1266 1930 exclamat:

129 1939 145 1955 «
170 1929 194 1958 O
214 1931 339 1960 sanctas
359 1933 480 1968 gentes,
503 1934 616 1970 quibus
630 1934 708 1965 haec
724 1938 894 1967 nascuntur
910 1938 942 1968 in
959 1938 1060 1968 hortis
1076 1940 1230 1971 Numina!
1249 1951 1267 1969 »

131 1975 165 2006 V.
190 1968 274 2014 Περὶ
299 1969 399 2018 Στεφ.
424 1979 466 2016 Χ,
490 1981 561 2011 259.
588 1982 690 2020 caepe
713 1983 818 2016 Glsiu..
841 1986 875 2015 et
896 1985 1012 2017 Huius.
1035 1987 1103 2018 sine
1119 1987 1267 2026 diptongo

128 2017 307 2089 ‹licetscriblunt
329 2020 360 2049 in
383 2021 448 2051 suis
471 2021 583 2058 editt.;
610 2024 661 2054 sed
685 2028 904 2063 praeoptamus
926 2036 1029 2066 coepe.
1055 2029 1092 2059 V.
1117 2029 1207 2061 Voss.
1234 2031 1264 2060 in

171 2068 240 2096 ymo
256 2083 263 2089 .

189 2101 234 2139 (2)
257 2102 375 2132 Prima
397 2103 469 2133 vr'ae
489 2105 592 2142 facies
614 2106 759 2138 incudm.
790 2108 828 2139 V.
852 2108 1051 2142 Eccmsusr.
1076 2111 1167 2149 XXI,
1191 2112 1243 2144 11.

208 2178 248 2209 A.
271 2178 444 2210 Pavnzmn
468 2198 507 2204 —
531 2182 637 2221 Opera
1184 2190 1222 2221 17
