1566 2482
400 6 404 10 ,
458 0 494 25 Ἦ
503 0 565 23 2²¹7'J!
578 0 813 25 *W'⁷‘''⁷'‘''‘
823 0 891 22 *5735
907 0 993 23 jd·*¹¹'⁷.·'³
1004 5 1016 18 *-
1026 0 1070 12 -,.
1090 0 1155 21 7,ήρ
1176 1 1195 19 z.

271 120 347 160 194
650 104 802 156 mmm
829 125 1030 154 Pavonum

323 240 577 286 Saturnusque
606 247 731 282 senex,
762 234 951 273 maculoso
979 235 1016 272 et
1043 244 1191 282 corpore
1221 233 1350 282 Picus,

325 291 504 339 Coniugis
518 291 666 338 epotum
681 299 834 336 sparsus
852 300 919 336 per
931 288 1097 326 membra
1110 298 1310 326 venenum.
1328 287 1405 326 235

327 344 510 384 Omnibus
537 345 624 382 ante
643 342 755 391 pedes
774 341 897 390 posita
923 342 982 380 est
1000 352 1068 379 sua
1095 341 1226 389 cuique
1255 341 1407 379 sordens

327 398 460 437 Arula.
492 398 586 436 Iano
613 396 726 435 etiam
744 395 879 434 celebri
906 395 951 433 de
978 405 1103 432 mense
1130 394 1263 432 litatur

328 451 518 499 Auspiciis
546 450 736 498 epulisque
764 448 896 494 sacris,
929 459 1022 496 quas
1050 448 1271 494 inveterato,

329 506 426 543 Heu!
459 503 599 550 miseri,
618 504 687 541 sub
706 503 841 540 honore
863 501 923 550 (1)
943 501 1108 549 agitant,
1130 502 1168 538 et
1186 500 1324 549 gaudia
1340 500 1408 539 du-

1318 554 1410 592 cunt

329 612 440 650 Festa
468 609 740 649 Kalendarum.
771 608 830 647 Sic
859 607 1065 646 observatio
1093 607 1223 654 crevit,
1291 551 1316 642 .[
1333 606 1411 645 240

327 666 383 703 Ex
410 664 535 702 atavis
563 663 751 711 quondam
778 661 875 699 male
903 662 1055 709 coepta:
1087 659 1218 698 deinde
1247 659 1384 698 secutis

329 717 485 755 Tradita
512 716 753 764 temporibus,
782 714 945 762 serisque
974 713 1171 761 nepotibus
1199 715 1324 760 aucta,

329 771 537 809 Traxerunt
562 770 714 817 longam
742 768 854 807 corda
882 767 1096 806 inconsulta
1124 767 1311 814 catenam,
1343 775 1346 778 ⁴

332 825 485 872 Mosque
513 824 730 861 tenebrosus
758 821 894 859 vitiosa
921 821 961 858 in
989 820 1137 859 saecula
1164 820 1285 858 fluxit.

280 880 393 918 Hunc
421 888 557 915 morem
585 878 750 914 veterum
779 874 889 913 docili
916 874 991 912 iam
1019 874 1139 911 aetate
1167 874 1294 911 secuta
1336 872 1413 911 245

334 930 540 970 Posteritas
567 941 706 975 mense,
739 930 849 976 atque
865 927 1004 976 adytis,
1025 928 1063 965 et
1089 926 1254 972 fiamine,
1275 927 1313 964 et
1339 925 1415 964 aris

332 985 551 1032 Augustum
580 983 639 1031 (2)
669 982 798 1028 coluit,
828 981 944 1019 vitulo
971 980 1137 1028 placavit
1164 981 1201 1017 et
1227 990 1341 1028 agno.

334 1039 459 1076 Strata
487 1037 535 1074 ad
562 1036 736 1083 pulvinar
763 1035 894 1081 iacuit,
924 1045 1102 1081 responsa
1129 1032 1308 1080 poposcit.

334 1091 536 1129 Testantur
562 1089 680 1135 tituli,
710 1089 871 1136 produnt
898 1087 1069 1125 consulta
1096 1087 1263 1133 senatus,

337 1144 557 1182 Caesareum
586 1142 687 1180 Iovis
713 1141 762 1178 ad
795 1140 954 1188 speciem
986 1139 1190 1177 statuentia
1221 1138 1413 1187 templum.

282 1197 459 1237 Adiecere
487 1206 647 1239 sacrum,
676 1195 781 1233 fieret
808 1205 879 1242 quo
908 1193 1016 1232 Livia
1046 1193 1104 1241 (3)
1134 1193 1247 1239 Iuno,
1322 1189 1417 1243 [250

335 1251 425 1289 Non
453 1248 580 1287 minus
608 1247 762 1286 infamis
789 1246 949 1285 thalami
977 1246 1110 1284 sortita
1137 1246 1272 1292 cubile,

338 1305 457 1350 Quam
485 1313 598 1350 quum
626 1301 790 1339 fraterno
818 1300 933 1338 caluit
958 1299 1135 1338 Saturnia
1161 1299 1270 1337 lecto.

338 1355 516 1395 Nondum
544 1356 751 1393 maternam
778 1355 891 1402 partu
918 1354 1142 1391 vacuaverat
1169 1352 1310 1398 alvum,

341 1410 638 1456 conceptamque
665 1407 738 1446 viri
767 1407 927 1446 sobolem
955 1406 1122 1454 paritura
1150 1405 1302 1453 gerebat
1342 1403 1421 1443 255

341 1462 540 1507 Pronuba3
572 1461 649 1499 iam
676 1460 854 1509 gravidae
882 1460 1038 1497 fulcrum
1068 1458 1214 1507 geniale
1242 1458 1420 1506 paratur3

341 1517 424 1555 Iam
454 1526 629 1563 sponsus,
660 1514 816 1552 saliente
844 1514 947 1552 utero
975 1512 1167 1559 nubentis,
1199 1511 1337 1550 amicos

354 1637 399 1676 (1)
421 1638 482 1667 sub
505 1639 623 1668 honore
644 1638 785 1676 ayitant.
807 1636 872 1670 Cal.
898 1636 1058 1671 ianuariis
1077 1637 1114 1666 ut
1128 1635 1243 1671 animo,
1265 1642 1318 1665 seu
1333 1631 1424 1670 genio

289 1687 343 1709 suo
366 1680 564 1716 indulgerent
585 1679 729 1714 Romani,
752 1687 785 1708 se
806 1678 932 1708 lascivis
953 1677 1228 1716 superstitionibus
1243 1675 1426 1711 effrenisque

290 1720 519 1758 cupiditatibus
535 1721 714 1752 tradebant.
725 1721 942 1758 Imperatores,
959 1727 1146 1756 quamquam
1156 1717 1369 1749 Christianam
1379 1722 1425 1745 re-

290 1762 437 1798 ligionem
459 1763 599 1801 professi,
614 1762 703 1792 facile
719 1762 878 1792 veteribus
892 1760 1164 1798 superstitionibus
1178 1757 1426 1796 morigebantur‚

294 1803 385 1841 plane
407 1805 443 1834 ut
464 1803 603 1834 Concilia
634 1805 668 1834 et
699 1803 810 1833 Patres
834 1803 1072 1832 immoderatam
1103 1801 1267 1832 licentiam
1288 1798 1428 1831 censoria

292 1845 414 1882 virgula
435 1846 492 1876 hac
513 1846 546 1875 in
562 1854 593 1875 re
616 1846 726 1875 notare
741 1853 802 1874 non
816 1844 1042 1874 dubitaverint.
1060 1842 1138 1873 Vide
1152 1843 1195 1873 sis
1218 1843 1426 1875 Bmeinxvm

294 1886 387 1926 Oriy.
411 1887 630 1917 Christianor.
655 1886 724 1917 Vol.
747 1886 802 1921 lv,
825 1886 896 1918 Lib.
920 1886 972 1924 20,
996 1894 1024 1916 o.
1051 1885 1080 1916 l.

357 1926 403 1969 (2)
428 1930 618 1967 Augustum
639 1928 753 1958 coluit.
774 1927 819 1957 De
834 1927 987 1964 Auguste,
1001 1927 1050 1956 cui
1067 1926 1196 1956 honores
1211 1924 1315 1956 divini
1330 1922 1429 1955 adhuc

293 1970 326 1998 in
349 1970 443 2000 terris
464 1970 595 2006 degente
615 1969 847 2000 tribuebantur.
870 1969 909 2000 V.
933 1969 1042 1999 ΤΑοιτ.
1056 1969 1147 1998 Arm.
1165 1968 1192 2003 1,
1210 1967 1267 2004 10;
1291 1966 1344 1997 ubi
1367 1965 1428 1996 Ex·

294 2019 376 2041 curs,
393 2011 427 2042 C.
444 2012 562 2050 Lipsii;
584 2011 709 2042 Horum.
732 2011 885 2049 Lyricor.
908 2010 932 2045 Ι,
958 2010 996 2045 2;
1021 2010 1078 2046 ΙΙΙ,
1100 2010 1136 2045 3ς
1161 2010 1253 2040 vine.
1270 2008 1340 2040 Eol.
1357 2007 1382 2043 1.
1396 2005 1427 2037 7.

358 2052 402 2090 (3)
423 2053 516 2089 fieret
536 2063 598 2092 quo
618 2053 716 2083 Livia
738 2053 835 2083 Iuno.
859 2051 895 2081 V.
919 2051 1055 2083 Svu'ron.
1083 2050 1202 2082 Claud.
1225 2050 1280 2083 XI.

1557 1990 1566 2316 i

1479 2341 1566 2482 i
