1566 2482
296 194 373 234 244

294 1430 482 1469 appellatur,
506 1430 559 1459 ubi
582 1429 708 1459 Crassus
731 1436 749 1458 a
765 1426 895 1475 Iffarthis
910 1426 973 1457 fuit
987 1427 1104 1465 praelio
1120 1427 1273 1459 devictus.
1290 1428 1434 1460 chAnvs

295 1473 327 1502 in
349 1472 460 1502 Phars.
484 1472 511 1511 Ι,
538 1471 598 1501 105
620 1471 668 1501 ita
689 1470 829 1500 cecinlt:

293 1634 480 1671 perantiqua
505 1633 579 1669 fuit,
595 1633 648 1662 ubi
673 1631 802 1662 Veneris
828 1629 999 1666 columbae,
1015 1631 1048 1660 et
1069 1631 1220 1669 tempium
1241 1639 1376 1663 sacrum.
1389 1631 1434 1662 De

246 1682 248 1686 “
295 1675 400 1713 Papho
427 1676 457 1704 v.
482 1675 573 1705 Vmo.
598 1674 674 1704 Aen.
698 1674 725 1709 Ι,
749 1672 821 1703 415.

293 1801 325 1830 et
346 1801 495 1829 nimbum
517 1799 596 1835 legit
617 1799 743 1831 GlsnL.;
769 1796 909 1826 lembum
925 1794 994 1824 alii.

294 1883 404 1920 sotum,
417 1882 519 1912 fovere
545 1883 653 1918 Fotus,
671 1891 718 1918 us,
736 1882 784 1911 est
798 1877 929 1909 fomenti
950 1878 1052 1914 actus,
1067 1881 1100 1909 et
1114 1879 1291 1910 fomentum.
1303 1879 1431 1911 Italico:

293 1925 442 1962 fomento.
467 1923 720 1954 ris-calciamento
729 1933 743 1960 ;
766 1923 797 1952 in
819 1919 922 1951 sexsto
945 1926 1019 1949 casu
1036 1922 1154 1951 veteres
1169 1921 1330 1952 vetustiss.
1347 1929 1432 1951 usur-

292 1974 404 2003 pavere
430 1965 620 2003 plerumque.
646 1965 705 1995 Hic
734 1965 837 1994 nostor
866 1959 992 1996 transl„
1018 1962 1071 1998 qui
1087 1963 1210 2001 proprie
1223 1971 1262 1993 ea
1275 1971 1348 1994 voce
1363 1970 1435 1993 usus

293 2013 342 2043 ost
364 2013 395 2042 in
413 2006 564 2053 Ἀμαρτ.
588 2011 661 2044 304.
686 2028 723 2033 -
747 2012 848 2046 cluat,
874 2005 1043 2039 archaism.
1068 2010 1103 2039 V.
1129 2010 1270 2041 Canum.
1293 2009 1350 2045 IX,
1373 2007 1429 2039 10-

670 203 823 232 AVRELII
850 203 1052 233 Pavonum
1078 229 1081 231 ,

351 314 590 362 Advolitans‚
619 313 767 362 praesto
795 312 1009 351 esse.deam
1034 313 1259 361 praenuntia
1286 313 1419 354 crasso

351 367 549 406 Prodidit?
584 368 651 405 aut
683 366 868 415 Paphiam
889 364 951 417 (1)
971 366 1102 406 niveae
1130 378 1259 406 vexere
1291 366 1428 406 colum-

1214 421 1296 468 bae,
1354 421 1430 460 575

350 475 462 514 Cuius
480 474 694 512 inauratum
709 473 879 511 tremeret
892 484 986 521 gens
1002 473 1151 511 Persica
1168 418 1326 514 li[mbum
1343 475 1432 527 (2)?

298 528 366 566 Sed
394 528 514 575 video,
545 539 638 576 quae
665 529 702 565 te
729 528 902 565 moveant
929 526 1096 574 exempla
1123 528 1290 568 vetustae

353 582 536 621 Virtutis:
568 581 661 619 diois
689 580 866 618 domitum
892 581 1061 628 terraque
1088 580 1254 629 marique

353 636 509 675 Orbem:
537 646 595 672 res
622 634 741 672 laetas
768 634 806 671 et
831 644 1005 681 prospera
1032 644 1197 682 quaeque
1224 635 1381 674 retexis:

350 689 452 737 Mille
470 688 740 736 triumphorum
758 698 938 725 memoras
956 698 999 724 ex
1018 686 1144 725 ordine
1162 698 1332 737 pompas,
1354 690 1432 728 580

351 743 542 791 Ductaque
567 753 631 790 per
658 739 817 779 mediam
846 739 1046 788 spoliorum
1073 739 1213 779 fereula
1240 743 1410 781 Romam.

350 796 418 835 Vis
447 796 582 842 dicam,
613 805 706 844 quae
734 805 848 832 eausa
874 795 973 840 tuos,
1003 794 1182 841 Romane,
1211 795 1356 834 labores

350 851 397 890 In
426 850 574 887 tantum
601 847 799 886 extulerit?
827 849 910 894 quis
937 846 1056 894 gloria
1083 847 1221 886 fotibus
1249 850 1359 888 aucta

315 924 318 927 >
349 903 408 941 Sio
427 902 529 941 cluat
549 902 625 951 (3),
654 900 835 949 impositis
855 901 897 938 ut
915 900 1092 939 mundum
1111 900 1230 939 frenet
1248 901 1429 941 habenis?

350 956 543 995 Discordes
569 954 711 1003 linguis
738 954 906 1002 popuIOS‚
935 955 972 991 et
997 953 1148 992 dissona
1175 955 1277 994 cultu
1347 956 1426 994 585
1466 967 1472 972 ·

352 1011 484 1058 Regna
511 1008 638 1047 volens
665 1007 802 1046 sociare
829 1007 929 1045 Deus
950 1006 1025 1056 (4),
1049 1007 1266 1057 subiungier
1283 1009 1350 1047 uni
1370 1008 1429 1058 (5)

348 1063 523 1111 Imperio,
554 1061 732 1110 quidquid
761 1060 954 1098 tractabile
984 1060 1146 1099 moribus
1175 1063 1286 1109 esset,

349 1116 600 1163 Concordique
628 1115 715 1162 iugo
743 1113 949 1151 retinacula
977 1113 1104 1151 mollia
1130 1114 1224 1152 ferre

350 1169 565 1215 Constituit,
598 1179 668 1215 quo
687 1167 798 1205 corda
824 1165 1017 1204 hominum
1043 1166 1242 1205 coniuncta
1268 1169 1410 1206 teneret

348 1221 569 1271 Relligionis
589 1231 714 1259 amor:
737 1231 804 1258 neo
832 1219 932 1257 enim
960 1220 1003 1258 fit
1030 1220 1162 1267 copula
1189 1221 1336 1260 Christo
1355 1222 1431 1260 590

347 1275 486 1324 Digna,
519 1274 592 1312 nisi
619 1273 820 1321 implicitas
849 1272 963 1311 societ.
990 1284 1093 1312 mens
1121 1273 1232 1312 unica
1259 1275 1404 1322 gentes.

348 1329 432 1367 Sola
460 1330 577 1367 Deum
605 1327 710 1366 novit
737 1325 948 1373 concordia,
980 1325 1061 1364 sola
1087 1327 1291 1376 benignum

419 1536 438 1555 α
460 1526 602 1564 Assyrios
624 1525 714 1555 L·1tio
737 1522 909 1554 maculavit
929 1523 1082 1559 sanguine
1104 1523 1251 1555 charras.
1276 1533 1295 1552 »

357 1592 402 1630 (1)
426 1594 486 1621 aut
508 1591 722 1629 Paphiam..
739 1612 747 1621 .
771 1589 806 1618 ln
830 1589 933 1617 moute
956 1587 1049 1626 Cypri
1072 1589 1192 1619 insulae
1213 1588 1336 1627 Paphos
1362 1590 1434 1620 urbs

356 1717 402 1755 (2)
425 1718 624 1746 inauratum
655 1715 804 1750 limbum,
833 1712 957 1742 Isomvs
981 1712 1116 1742 limbum
1138 1722 1225 1744 oram
1254 1714 1432 1744 vestimenti

295 1759 535 1796 interpretatur,
561 1765 654 1793 quam
676 1766 730 1786 nos
760 1755 833 1786 Itali
855 1753 1015 1786 :Por-lo.
1043 1755 1212 1786 Famucws
1241 1755 1302 1786 alio
1323 1763 1428 1789 sensu:

359 1841 405 1880 (3)
427 1842 503 1880 quis
521 1841 631 1879 gloria
653 1840 774 1878 fotibus
799 1839 896 1867 (ructa
925 1835 978 1865 Sic
993 1836 1107 1866 cluat?
1125 1837 1151 1868 A
1168 1838 1260 1869 vorbo
1275 1837 1373 1873 foveo,
1389 1846 1434 1876 ea,

357 2055 402 2093 (4)
426 2055 600 2085 Discordes
623 2054 749 2092 linquis
766 2052 918 2091 populos,
936 2049 968 2077 ot
990 2050 1124 2081 dissona
1146 2052 1238 2082 cultu
1254 2052 1370 2090 Reqna
1383 2059 1433 2081 vo·

295 2102 364 2130 lens
386 2103 511 2132 sociare
533 2103 632 2132 Deus.
657 2101 693 2131 V.
717 2093 803 2139 Περὶ
826 2092 926 2138 Στεφ.
951 2099 1000 2135 11,
1023 2099 1084 2130 425
1106 2100 1139 2130 et
1161 2107 1246 2136 seqq.

358 2148 403 2187 (5)
426 2149 623 2186 suhitmyier
641 2149 710 2178 1ιηὶ.
730 2140 864 2188 Παραγ.
