1566 2482
387 178 531 209 eorm
557 175 755 208 emnem
780 170 994 206 eumenen
1180 153 1258 197 231

175 288 355 337 Edomiti,
384 288 462 327 iam
487 288 599 327 triste
625 287 803 334 fremant,
832 279 1209 332 iterumqueferinos

179 345 226 383 In
253 354 374 382 mores
391 342 566 394 redeant,⁴
591 343 703 390 atque
731 340 781 378 ad
808 350 877 378 sua
902 339 1028 387 prisca
1054 335 1264 374 recurrant.

180 396 405 446 Praecipitet
431 396 606 445 Scythica
633 394 780 433 iuvenis
809 393 860 442 (1)
889 393 1027 440 pietate
1054 389 1196 428 vietum

179 452 315 491 Votivo
342 451 387 489 de
413 451 525 498 ponte
552 451 720 498 patrem:
751 447 806 486 sic
832 456 914 484 mos
939 445 1014 484 fuit
1040 444 1144 483 olim.
1189 441 1266 480 295

181 505 366 544 Caedibus
392 503 583 542 infantum
611 503 662 552 (2)
691 501 839 540 fument
864 499 1042 539 Saturnia
1068 507 1192 543 sacra,

182 558 461 607 Flebilibusque
486 558 610 596 truces
637 556 813 594 resonent
839 553 1031 602 vagitibus
1059 562 1161 590 arae.

182 613 276 661 Ipsa
302 623 411 651 casas
437 610 567 660 fragili
592 611 697 648 texat
723 620 818 658 gens
845 607 1006 647 Romula
1031 606 1179 645 culmo:

183 667 243 705 Sic
269 665 428 704 tradunt
453 664 646 703 habitasse
673 664 846 709 Remum,
875 660 1022 710 regalia
1048 660 1134 698 feno
1164 655 1216 703 (3)

184 720 319 758 Pulcra
337 719 636 767 supersternant,
658 718 724 756 aut
735 716 831 765 pelle
850 713 1055 764 Lybistidis
1086 713 1146 766 (4)
1162 721 1274 820 u[rsae

186 826 438 875 Compositam
466 825 699 875 chlamydem
726 823 859 862 villoso
886 833 1034 870 corpore
1061 822 1235 870 gestent:

185 881 294 920 Talia
320 879 535 918 Trinacrius
562 879 691 918 ductor
713 879 781 927 (5),
810 877 872 916 vel
898 877 1043 914 Tuscus
1070 874 1275 914 habebant.

187 937 306 974 Roma
324 933 481 982 antiqua
508 933 581 971 sibi
607 944 683 972 non
711 932 877 977 constat,
898 941 1007 968 versa
1033 936 1098 977 per
1125 938 1274 974 aevum,

188 990 238 1027 Et
266 989 410 1026 mutata
438 986 571 1034 sacris,
602 987 752 1033 ornatu,
782 984 946 1033 legibus,
978 983 1116 1022 armis:

188 1042 311 1081 Multa
330 1041 434 1089 colit,
458 1051 553 1089 quae
571 1051 648 1079 non
675 1039 792 1078 coluit
809 1038 879 1077 sub
897 1049 985 1085 rege
1003 1036 1158 1083 Quirno:
1181 1036 1259 1075 305

189 1095 366 1134 Instituit
392 1094 574 1144 quaedam
602 1093 753 1140 melius,
783 1091 968 1130 nonnulla
994 1090 1149 1139 refugit.

189 1151 239 1188 Et
265 1160 406 1188 morem
430 1148 576 1187 variare
604 1159 715 1187 suum
743 1157 819 1184 non
847 1144 1017 1184 destitit:
1048 1146 1086 1182 et
1113 1155 1223 1193 quae,

190 1203 341 1242 Pridem
367 1202 586 1241 condiderat
612 1202 711 1248 iura,
740 1200 782 1238 in
809 1199 996 1238 contraria
1023 1198 1150 1237 vertit.

191 1257 289 1304 Quid
314 1256 410 1295 mihi
434 1257 479 1295 tu
504 1255 601 1294 ritus
628 1255 775 1301 solitos,
805 1254 972 1292 Romane
999 1253 1164 1299 senator,

192 1310 364 1360 Objeetas
377 1312 396 1348 ἶ)
428 1321 543 1359 quum
570 1309 666 1348 scita
682 1309 831 1357 patrum
850 1306 1049 1356 populique
1068 1304 1281 1354 frequenter

193 1365 241 1402 In
267 1363 409 1403 tabulis
435 1362 568 1411 placiti
594 1361 783 1402 sententia
809 1361 906 1399 flexa
932 1359 1110 1399 novarit?
1190 1389 1193 1392 .

194 1418 307 1456 Nunc
333 1417 461 1464 etiam,
491 1417 638 1466 quoties
665 1415 787 1455 solitis
815 1414 990 1453 decedere
1016 1414 1184 1463 prodest,

197 1471 492 1518 Praeteritosque
519 1469 672 1509 habitus
699 1469 804 1509 cultu
831 1468 1010 1506 damnare
1037 1467 1193 1514 recenti,

207 1590 255 1631 (l)
277 1591 407 1630 Scytica
430 1589 558 1620 iuvencis
574 1589 710 1628 pietate.
733 1588 813 1620 olim
835 1588 947 1627 Scytae
968 1595 1058 1618 senes
1079 1586 1225 1625 parentes
1246 1585 1284 1615 de

144 1633 274 1663 collibus
295 1633 345 1662 vel
366 1632 514 1670 pontibus
527 1631 717 1670 praecipites
737 1630 939 1666 deiiciebant,
955 1637 1123 1666 eorumque
1138 1626 1285 1658 carnibus

146 1675 356 1711 vexabantur-3
379 1683 417 1704 ea
437 1677 508 1704 erat
528 1673 633 1712 populi
655 1672 742 1703 illius
761 1673 882 1711 pietas!
911 1672 995 1702 Hinc
1026 1671 1192 1710 Scyticum
1213 1678 1286 1699 con-

145 1717 283 1752 vhn’um,
306 1715 342 1746 V.
358 1716 492 1747 chun.
509 1725 528 1744 «t
543 1716 592 1746 Do
606 1715 705 1747 amic.
727 1716 758 1745 et
779 1713 860 1744 luet.
884 1724 902 1740 »

211 1758 258 1797 (2)
280 1757 437 1788 Coedibus
457 1758 641 1795 infantum.
663 1756 828 1794 Aegyptii,
849 1755 999 1791 cananei,
1022 1754 1141 1791 aliique
1169 1762 1186 1784 e
1201 1753 1288 1783 vete-

147 1807 235 1837 ribus
258 1805 377 1844 populis
396 1804 538 1835 nonnulli
558 1796 841 1845 ἆνθρωποφάγοι,
857 1802 912 1840 qui
924 1802 1072 1833 humanis
1082 1801 1228 1832 carnibus
1239 1809 1287 1830 sa.-

148 1850 346 1884 tutarentur,
367 1855 477 1885 pueros
499 1846 692 1884 deligebant,
716 1854 792 1883 quos
807 1845 1007 1875 immolarent
1021 1844 1095 1876 diis.
1107 1843 1146 1874 V.
1162 1843 1288 1874 Arnen.

149 1890 186 1920 L.
201 1889 261 1920 IV:
274 1892 342 1919 tum
363 1889 566 1920 Gauzania».
582 1889 615 1918 in
626 1888 743 1920 Psalm.
758 1887 821 1924 CV,
834 1886 888 1923 37,
901 1888 935 1916 et
944 1886 1007 1917 395
1017 1886 1089 1916 libri
1106 1883 1288 1923 precedunt.

213 1931 258 1969 (3)
279 1931 409 1969 reyaza'a
431 1930 503 1966 feno
527 1930 664 1962 Fulcra.
686 1930 798 1960 Heius.
811 1929 942 1968 reqalia
953 1929 1046 1966 foeno
1055 1927 1169 1965 fulcra
1180 1926 1286 1957 G1sm..

151 2014 178 2044 V
213 1973 260 2011 (4)
272 1983 292 2002 α
302 1975 375 2043 aa}
371 1971 454 2010 pelle
458 1971 650 2043 :illybt'ste'dis
664 1980 765 2002 ursae
774 1981 803 2001 ».
816 1971 1023 2007 virgilianum
1035 1972 1096 1999 est.
1110 1969 1146 2000 V.
1157 1967 1288 1999 Aeneia.

180 2038 188 2051 ‚
213 2015 272 2050 37;
295 2016 330 2045 et
377 2014 436 2050 111,
480 2014 534 2045 68.

216 2056 262 2096 (5)
286 2055 489 2087 frenae-rius
507 2055 637 2093 diodor,
658 2054 709 2085 vel
734 2054 875 2085 Tuscus.
891 2053 1033 2088 Acestes,
1050 2052 1133 2082 filius
1147 2051 1203 2088 qui
1216 2050 1291 2086 fuit,

152 2098 186 2128 iu
207 2097 340 2128 fabulari
362 2098 498 2128 historia
517 2096 632 2128 Crinisi
664 2096 802 2126 fluminis
822 2095 971 2132 Siciliae,
1001 2095 1034 2125 et
1062 2094 1211 2131 Aegistao
1230 2091 1293 2122 soe·

154 2140 258 2171 minae
278 2139 442 2171 Troianae.
465 2156 507 2161 —
533 2140 671 2176 Tuscus,
696 2138 852 2169 Evander.
