1566 2482
539 358 1127 413 PSYCHOMAOHIA

259 523 420 570 Christe,
440 535 577 571 graves
598 522 657 572 (1)
677 522 873 561 hominum
891 535 1033 571 semper
1051 523 1223 562 miserate
1241 524 1402 572 labores,

259 576 331 623 Qui
358 576 482 624 patria
509 576 645 614 virtute
672 576 767 615 cluis
798 576 857 626 (2)
885 577 1120 626 propriaque,
1151 577 1218 615 sed
1244 589 1335 623 una,

263 630 407 678 (Unum
427 642 585 678 namque
605 630 724 668 Deum
737 629 892 669 colimus
907 630 950 668 de
966 631 1114 669 nomine
1142 632 1295 679 utroque
1315 631 1401 681 (3):

261 684 349 722 Non
375 685 502 722 tamen
521 685 558 721 et
577 683 710 731 solum,
733 683 820 732 quia
838 685 880 722 tu
893 684 993 723 Deus
1012 696 1055 722 ex
1074 685 1201 731 Patre,
1230 683 1401 732 Christe)

260 737 408 776 Dissere
436 738 513 775 Rex
542 738 682 784 noster,
714 749 784 785 quo
812 737 931 775 milite
960 738 1093 786 pellere
1122 738 1253 786 culpas
1380 738 1402 775 5

261 791 368 829 Mens
396 792 541 828 armata
569 792 681 839 queat
707 791 826 829 nostri
854 791 897 829 de
926 791 1083 843 pectoris
1111 793 1242 830 antro:

262 844 433 882 Exoritur
460 843 604 892 quoties
631 844 792 883 turbatis
820 844 991 883 sensibus
1019 845 1122 883 intus

261 898 413 943 Seditio,
445 899 556 946 atque
583 898 746 936 animam
775 899 983 937 morborum
1010 899 1092 937 rixa
1119 897 1272 945 fatigat,

261 951 364 997 Quod
390 953 482 989 tunc
510 951 737 999 praesidium
764 963 829 999 pro
857 952 1029 990 libertate
1055 952 1208 998 tuenda,
1307 997 1312 1002 ,

262 1006 407 1051 Quaeve
435 1004 535 1043 acies
562 1003 670 1043 furiis
698 1005 796 1043 inter
825 1006 1039 1053 praecordia
1066 1004 1210 1050 mixtis,
1355 1003 1404 1042 10

263 1058 433 1096 Obsistat
458 1057 608 1096 meliore
636 1070 765 1096 manu.
796 1059 875 1097 Nec
903 1059 1017 1106 enim,
1046 1059 1143 1097 bone
1178 1058 1332 1104 Ductor,

261 1111 487 1159 Magnarum
514 1111 694 1149 virtutum
713 1112 857 1159 inopes,
888 1112 1084 1161 nervisque
1112 1112 1281 1150 carentes

262 1164 502 1203 Christicolas
529 1164 631 1203 vitiis
659 1165 924 1214 populantibus
954 1165 1013 1216 (4)
1043 1164 1262 1213 exposuisti.

262 1219 349 1266 Ipse
377 1218 591 1256 salutiferas
618 1219 766 1258 obsesso
794 1220 834 1257 in
863 1231 1011 1267 corpore
1038 1221 1181 1257 turmas
1211 1218 1271 1269 (5)

263 1272 486 1320 Depugnare
516 1271 643 1310 iubes:
674 1273 753 1320 ipse
781 1273 1046 1311 excellentibus
1074 1283 1199 1310 armas
1359 1271 1408 1309 15

263 1324 420 1363 Artibus
447 1325 656 1373 ingenium,
688 1326 823 1374 quibus
851 1326 900 1364 ad
926 1326 1088 1364 ludibria
1115 1325 1237 1365 cordis

265 1379 530 1426 oppugnanda
557 1381 688 1427 potens
716 1379 787 1418 tibi
815 1380 979 1427 dimicet,
1010 1382 1047 1418 et
1073 1379 1144 1418 tibi
1171 1379 1313 1416 vincat.

264 1432 449 1470 Vincendi
474 1443 650 1480 praesens
677 1433 773 1471 ratio
801 1435 870 1481 est,
899 1434 932 1472 si
960 1433 1165 1472 comminus
1192 1432 1296 1480 ipsas

265 1485 455 1524 Virtutum
483 1485 612 1534 facies,
642 1487 679 1524 et
706 1487 960 1526 conluctantia
986 1488 1117 1526 contra

265 1538 418 1579 Viribus
444 1540 593 1579 infestis
620 1540 732 1579 liceat
759 1542 931 1589 portenta
958 1542 1100 1579 notare.
1357 1539 1408 1577 20

333 1661 379 1699 (1)
404 1663 544 1699 Christe,
564 1673 682 1702 yraves
703 1666 764 1694 etc.
790 1664 826 1693 V.
851 1665 943 1694 Vme.
968 1666 1050 1693 Aen.
1075 1664 1128 1700 vl,
1153 1664 1203 1694 56.

331 1704 376 1741 (2)
399 1705 495 1735 cluis.
519 1705 605 1742 elno,
641 1705 680 1739 ἵε,
717 1705 817 1736 cluere
853 1706 1045 1736 archaismus
1071 1706 1135 1744 est,
1160 1714 1214 1743 pro
1236 1704 1336 1740 clueo,
1361 1711 1406 1739 εδ,

270 1744 383 1776 cluere,
413 1746 447 1775 V.
466 1747 588 1776 Contra
606 1748 829 1786 Symmacum,
851 1748 893 1783 Π,
917 1748 990 1778 584.

331 1786 374 1824 13)
396 1788 445 1817 De
466 1790 596 1818 nomine
617 1792 763 1828 utroque.
788 1790 954 1820 G1szr1nvs
969 1790 1001 1819 et
1016 1788 1172 1818 Werrzlvs
1193 1786 1358 1819 ediderunt
1368 1786 1408 1815 de

267 1828 398 1857 nomine
420 1830 517 1860 trino.
541 1830 600 1860 Sed
614 1831 764 1861 Hmssws
791 1832 824 1861 et
848 1831 1019 1861 CELLAmvs
1042 1831 1181 1860 nostram
1204 1829 1344 1859 retinent
1363 1827 1407 1857 le·

269 1869 420 1905 ctionem:
444 1879 589 1908 namque,
614 1872 661 1902 uti
681 1873 772 1902 notat
792 1872 981 1909 Centemvs,
1009 1871 1046 1901 de
1075 1871 1192 1901 duobus
1219 1869 1408 1900 solummodo

272 1911 430 1948 Pei-sonis,
452 1921 514 1943 non
535 1913 572 1943 de
594 1914 694 1943 tribus
715 1922 765 1943 res
785 1915 844 1944 ost.

329 1953 374 1992 (4)
398 1955 490 1984 vitiis
505 1955 759 1994 populantibus,
783 1963 860 1993 quae
876 1955 955 1984 vitia
974 1955 1096 1985 scilicet
1111 1954 1246 1984 animam
1268 1954 1407 1983 nostram

269 1992 509 2032 depopulantur.
534 2013 572 2018 —
595 1997 783 2036 depuqnare
806 1997 908 2026 iubes.
933 1996 970 2026 V.
995 1996 1121 2026 Mum.
1146 1995 1231 2031 XVI,
1254 1995 1307 2025 24.

333 2035 383 2075 (5)
407 2040 536 2068 turmas
556 2039 762 2076 salutiferas.
787 2039 900 2068 'l'urma
922 2047 1031 2075 agmen
1047 2038 1194 2074 triginta,
1212 2036 1259 2067 vel
1276 2035 1407 2072 triginta

268 2075 397 2107 duorum
420 2080 560 2116 equitum
584 2082 643 2110 cst.
677 2081 774 2111 Poeta
806 2082 925 2111 turmas
955 2079 1134 2111 salutiferas
1155 2079 1247 2109 vocat
1272 2078 1407 2108 virtutes

269 2119 378 2149 contra
402 2121 483 2151 vitia
505 2123 729 2155 concertantes,
