1566 2482
244 155 320 199 150
611 165 764 195 Arasmi
795 148 1001 195 πνοι-ΜΠ

241 280 449 329 sperneret,
479 278 545 316 aut
571 278 698 317 nostro
725 277 819 317 foret
845 276 1139 327 impenetrabilis
1160 275 1219 328 (1)
1250 288 1366 317 auro..

240 333 444 383 Ingenium
472 343 579 371 omne
606 332 689 371 neci
722 332 912 371 dedimus:
942 332 1085 379 tenera,
1115 342 1244 380 apem,
1274 331 1383 380 dura,

242 388 377 435 Docta,
406 386 559 425 indocta
585 385 712 433 simul,
742 385 854 425 bruta
881 386 918 425 et
945 384 1147 433 sapientia,
1177 395 1246 424 nec
1274 395 1351 424 non

243 441 370 488 Casta,
400 440 543 478 incesta
570 451 673 478 meae
699 440 904 487 patuerunt
930 440 1078 487 pectora
1106 439 1271 478 dextrae.

243 494 328 533 Sola
346 493 462 542 igitur
480 493 588 541 rapui
616 492 796 542 quidquid
817 493 907 542 Styx
925 492 1030 531 abdit
1048 492 1173 531 avaris
1193 491 1251 542 (2)
1308 492 1385 530 520

242 547 484 596 Gurgitibus:
515 547 623 586 nobis
652 546 839 584 ditissima
867 547 1028 585 Tartara
1056 546 1207 593 debent,

244 602 342 648 Quos
360 601 538 648 retinent,
555 600 729 649 populos3
753 599 850 648 quod
877 599 1033 643 volvunt
1057 599 1205 638 saecula
1224 598 1298 649 (3),
1321 609 1389 636 no⁴

1151 651 1288 704 [strum
1306 653 1383 691 est:

243 708 347 755 Quod
375 708 507 747 miscet
532 707 693 746 mundus
721 718 862 746 vesana
889 707 1054 755 negotia,
1085 708 1269 746 nostrum.

243 763 314 809 Qui
340 762 398 810 fit,
428 761 663 811 praevalidas
692 761 789 809 quod
817 760 962 808 pollens
990 760 1111 809 gloria
1138 760 1237 799 vires

243 816 405 864 Deserit,
435 816 473 854 et
499 826 625 854 cassos
651 815 750 853 ludit
776 814 927 854 fortuna
953 814 1140 853 lacertos?
1309 812 1386 850 525

244 869 373 908 Sordet
399 868 631 908 Christicolis
660 867 718 919 (4)
747 867 941 907 rutilantis
967 867 1073 906 fulva
1099 868 1268 907 monetae

245 922 411 972 Effigies,
443 923 594 962 sordent
620 922 769 970 argenti
796 921 1018 960 emblemata
1047 921 1128 972 (5):
1160 923 1197 960 et
1224 919 1344 960 omnis

243 977 453 1015 Thesaurus
480 977 653 1025 nigrante
680 975 796 1014 oculis
822 974 967 1014 vilescit
993 975 1142 1013 honore.

245 1030 342 1076 Quid
369 1030 440 1069 sibi
469 1030 576 1068 docta
602 1029 733 1068 volunt
759 1028 939 1068 fastidia?
967 1039 1089 1067 nonne
1115 1028 1345 1076 triumphum

243 1083 401 1132 Egimus
415 1096 433 1122 e
448 1083 615 1122 Scarioth
626 1083 703 1134 (6)?
719 1094 879 1131 magnus
898 1082 962 1130 qui
975 1082 1252 1130 discipulorum,
1311 1082 1388 1120 530

309 1207 353 1247 (1)
377 1208 648 1246 inzpmzetrabilis,
673 1207 784 1238 transl.
820 1206 1087 1245 inexsuperabilis,
1120 1205 1386 1244 inexpugnabilis.

308 1250 354 1288 (2)
378 1251 455 1280 Sola
478 1251 585 1289 iyitzcr
604 1250 706 1287 rapui
727 1249 887 1288 quidquid
910 1249 993 1288 Styoe
1014 1249 1076 1279 etc.
1101 1248 1186 1286 Quae
1201 1249 1295 1278 verba
1316 1247 1387 1278 Ovi-

244 1291 354 1322 diauos
376 1301 480 1322 versus
502 1292 534 1321 in
557 1292 735 1321 memoriam
758 1291 846 1321 nobis
874 1290 1035 1326 reducunt,
1071 1291 1123 1327 qui
1161 1290 1191 1320 in
1215 1290 1351 1330 Metam.
1374 1289 1388 1320 Ι

247 1332 307 1364 138
330 1333 363 1365 et
382 1342 471 1371 seqq.
493 1333 656 1370 leguntur:

501 1397 519 1414 «
545 1409 552 1417 .
578 1408 585 1415 .
615 1408 623 1416 .
647 1385 727 1414 itum
749 1385 798 1415 est
820 1385 850 1414 in
874 1385 993 1414 viscera
1014 1385 1129 1420 terrae,

329 1438 346 1455 »
370 1427 512 1465 Quasque
532 1426 760 1463 recondiderat,
783 1426 960 1464 Stygiisque
983 1426 1167 1456 admoverat
1184 1426 1313 1463 umbris,

329 1480 346 1497 »
370 1468 567 1499 Effodiuntur
589 1476 660 1507 opes
681 1469 880 1499 irritamenta
901 1468 1072 1503 malorum:

329 1521 346 1539 >›
371 1511 498 1548 Iamque
518 1519 630 1541 nocens
651 1509 779 1547 ferrum,
803 1509 944 1548 ferroque
964 1509 1125 1540 nocentius
1146 1518 1256 1540 aurum

330 1563 347 1581 »
369 1553 548 1583 Prodierat:
572 1551 678 1590 prodit
699 1551 811 1582 bellum
833 1553 894 1584 etc.
922 1561 941 1580 »

309 1603 356 1647 (3)
378 1606 462 1645 quod
484 1606 618 1635 volvunt
637 1605 780 1637 saecula.
805 1605 944 1642 Saecula,
968 1605 1000 1635 id
1022 1605 1069 1636 est
1097 1613 1191 1641 genus
1213 1603 1385 1640 hominum,

245 1648 277 1693 in
299 1657 358 1685 quo
378 1648 529 1686 pecuniae
562 1646 732 1686 cupiditas,
770 1656 824 1678 seu
851 1645 1069 1694 φιλαργυρία,
1091 1646 1195 1677 omnia
1209 1646 1324 1685 potest.
1347 1645 1386 1677 V.

246 1697 361 1728 Pam.
384 1697 425 1727 ad
449 1696 588 1726 Timoth.
613 1695 639 1732 1,
666 1696 720 1732 VI,
746 1696 796 1728 10.

311 1738 356 1777 (4)
379 1738 494 1769 Sordet
516 1737 731 1768 Christicolis.
751 1737 803 1767 Vel
821 1746 840 1767 a
861 1737 969 1775 primis
991 1736 1138 1768 catholici
1153 1735 1286 1767 nominis
1309 1736 1387 1766 tem-

244 1781 368 1817 poribus
390 1789 512 1816 aurum,
529 1787 612 1817 opes,
630 1779 757 1810 honores
778 1779 860 1809 nihil
880 1779 969 1817 pensi
982 1778 1128 1809 mortales
1143 1778 1184 1808 ad
1197 1778 1387 1817 sapientiam

244 1822 451 1852 christianam
473 1821 633 1852 traductos
649 1821 806 1858 habuisse,
822 1821 956 1851 historia
977 1820 1150 1851 luculenter
1171 1819 1323 1851 ostendit.
1348 1819 1386 1853 V,

245 1864 318 1894 Act.
344 1863 489 1902 Apo-stol.
512 1862 568 1900 IV,
591 1863 643 1894 32.

305 1905 352 1975 I(5)
375 1905 507 1944 aryenti
527 1903 733 1935 emblemata.
762 1903 905 1941 Intellige
935 1912 1009 1934 vasa
1038 1904 1168 1941 argento
1197 1901 1330 1940 caelata,
1354 1902 1388 1934 et

247 1955 301 1984 per
316 1948 397 1978 ecta.

309 1988 353 2027 (6)
377 1998 392 2018 e
415 1988 576 2024 Scarioth,
599 1996 616 2018 e
639 1987 715 2018 Iuda
736 1987 885 2019 videlicet
906 1986 971 2023 illo,
997 1987 1052 2024 qui
1074 1985 1235 2024 Scarioth,
1257 1985 1305 2017 vel
1326 1985 1386 2016 Ke-

245 2029 329 2059 rioth
343 2030 402 2059 fuit
414 2029 599 2068 appellatus,
611 2030 686 2067 quia
697 2029 730 2059 in
744 2029 818 2060 urbe
832 2029 1013 2066 cognomine
1028 2029 1132 2059 ortum
1147 2028 1282 2058 duxerat
1302 2026 1386 2059 haud

245 2071 385 2109 procula
400 2072 525 2103 vetusta
538 2070 719 2103 Gomorrha.
742 2086 786 2095 —-
805 2079 949 2111 magnus
971 2071 1030 2110 qm·
1050 2070 1303 2109 discipulorum.
1320 2068 1386 2099 Ma-

247 2120 324 2150 gnus
339 2121 394 2152 pro
411 2114 525 2150 maior;
544 2114 591 2144 uti
606 2113 699 2146 vmo.
714 2114 797 2145 Aen.
812 2112 867 2150 IV,
884 2113 956 2150 δῖός
970 2112 1019 2144 vel
1029 2113 1134 2151 potius
1143 2111 1276 2149 Eumvs,
1290 2110 1386 2142 sicuti
