1566 2482
289 154 365 193 248
663 166 816 195 Avitum
844 149 1043 196 PRVDENTH

340 275 560 323 1mminuat,
591 275 683 314 mihi
711 276 825 324 longa
852 276 930 315 dies
959 277 1061 316 aliud
1086 278 1186 327 parit
1212 290 1358 328 aevum,

340 330 453 376 Quae,
485 329 643 368 vivendo
671 329 749 376 diu,
780 330 891 368 didici
921 332 1149 370 contemnere
1175 332 1301 371 finem.

336 383 448 421 Nunc
459 394 559 421 nunc
570 382 669 421 iusta
680 383 771 421 meis
781 384 987 422 reverentia
997 385 1170 433 competit
1180 385 1292 424 annis
1311 401 1319 424 :
1337 387 1417 426 660

339 436 450 474 Nunc
469 436 599 474 merito
628 436 728 474 dicor
747 437 981 485 venerabilis,
1013 439 1050 476 et
1077 440 1189 486 caput
1218 439 1316 478 orbis
1337 439 1415 490 (1),

338 490 455 535 Quum
476 489 621 537 galeam
641 490 711 527 sub
729 490 856 528 fronde
876 490 992 538 oleae,
1016 491 1220 540 cristasque
1245 493 1419 533 rubentes

339 543 530 590 Concutio,
561 542 671 581 viridi
699 543 827 582 velans
855 543 934 582 fera
961 544 1112 593 cingula
1140 547 1258 592 sert03

339 597 461 644 Atque
490 598 634 634 armata
663 596 779 634 Deum
809 597 895 635 sine
917 598 1069 636 crimine
1097 599 1219 637 caedis
1248 600 1372 639 adoro.

338 649 484 687 Crimen
511 649 625 696 enim,
655 649 758 698 piget
782 650 873 697 heu,
893 650 1032 689 crimen
1051 655 1288 699 persuaserat
1306 655 1412 692 atrox

338 702 519 750 Iuppiter,
546 703 589 741 ut
615 714 718 741 sacro
748 702 929 741 iustorum
957 705 1140 753 sanguine
1167 705 1301 754 tincta,
1322 705 1415 758 [665

336 757 541 794 Adsuetum
569 755 676 794 bellis
705 756 919 795 scelerarem
947 757 1073 796 funere
1102 758 1253 797 ferrum.

335 808 444 847 Illius
472 808 655 847 instinctu
683 809 824 856 primus
852 811 950 848 Nero
981 812 1058 862 (2),
1089 813 1206 850 matre
1232 814 1410 861 peremta,

336 862 562 910 Sanguinem
581 862 835 910 Apostolicum
855 863 962 911 bibit,
994 876 1037 903 ac
1056 877 1112 903 me
1131 866 1255 914 strage
1272 866 1415 914 piorum

333 915 486 963 Polluit,
504 917 540 954 et
553 915 740 964 proprium
754 916 901 956 facinus
916 917 1008 955 mihi
1030 929 1162 957 saevus
1186 919 1322 958 inussit
1341 919 1414 970 (3).

333 1022 424 1060 Post
451 1022 549 1061 hunc
569 1024 606 1060 et
625 1022 761 1061 Decius
783 1023 859 1072 (4),
883 1023 1022 1072 iugulis
1037 1025 1240 1064 bacchatus
1254 971 1408 1074 amitis,

331 1076 512 1113 Insanam
543 1075 648 1124 pavit
675 1076 838 1114 rabiem:
870 1088 953 1116 mox
982 1079 1018 1116 et
1043 1078 1127 1117 sitis
1154 1078 1249 1117 arsit

331 1129 533 1167 Multorum
562 1129 709 1176 similis,
740 1141 804 1177 per
831 1130 986 1168 vulnera
1013 1131 1139 1169 tristia
1168 1128 1349 1180 flagrans,

330 1182 533 1220 Extrahere
562 1182 729 1230 insignes
758 1183 918 1230 animas,
949 1195 991 1222 ac
1018 1184 1142 1223 ludere
1170 1185 1313 1233 poenis,

332 1235 597 1283 Undantesque
626 1245 745 1273 meum
766 1236 806 1274 in
825 1236 1007 1284 gremium
1027 1238 1224 1276 defundere
1252 1241 1408 1286 mortes,

330 1288 380 1326 Et
408 1288 478 1326 sub
506 1288 585 1327 iure
614 1289 684 1327 fori
709 1289 766 1339 (5)
788 1300 863 1328 non
889 1290 1007 1328 noxia
1027 1291 1122 1329 colla
1141 1303 1276 1331 secare.
1318 1291 1411 1344 [675

329 1341 412 1379 Hac
439 1353 496 1379 me
523 1341 605 1380 labe
634 1354 733 1380 ream
760 1343 867 1382 modo
894 1345 1059 1392 tempora
1091 1347 1215 1383 vestra
1243 1346 1408 1394 piarunt.

328 1395 423 1434 Vivo
446 1394 504 1442 pie
533 1395 637 1434 vobis
665 1397 893 1444 auctoribus,
925 1397 1040 1445 impia
1066 1398 1209 1446 pridem

338 1494 383 1533 (l)
405 1498 434 1525 et
454 1498 554 1534 caput
568 1496 667 1526 orbis.
683 1496 714 1527 S.
731 1496 844 1528 PaosP.
860 1496 1020 1532 Aevlun.
1044 1498 1088 1528 De
1110 1498 1209 1529 Roma
1229 1499 1362 1531 cecinit:
1402 1498 1403 1502 ’

356 1559 373 1575 «
396 1548 488 1578 Sedes
509 1548 607 1578 Roma
630 1549 728 1584 Petri,
753 1558 831 1586 quae
853 1550 1022 1588 pastoralis
1045 1550 1170 1582 honoris

397 1600 414 1618 ι(
438 1590 541 1619 Facta
556 1593 656 1629 caput
670 1591 808 1621 mundo.-
828 1591 978 1628 quidquid
999 1600 1059 1622 non
1079 1594 1220 1624 continet
1241 1594 1337 1624 armis
1386 1604 1387 1607 ¹

397 1642 414 1659 «
437 1631 599 1668 Religione
622 1633 722 1662 tenet.
748 1643 766 1660 »
789 1633 836 1662 De
859 1633 1022 1672 lum-aeis.
1045 1634 1098 1666 42.

335 1683 380 1723 (2)
395 1684 534 1722 primus
555 1685 655 1716 Nero.
678 1685 715 1716 V.
738 1686 873 1717 Τεκτη.
898 1686 1028 1724 Apolog.
1051 1687 1086 1719 C.
1112 1688 1149 1718 V.

335 1725 380 1764 (3)
404 1726 488 1755 mihi
509 1735 626 1757 saevus
647 1727 782 1757 inussit.
817 1728 860 1757 De
889 1728 1006 1758 Romae
1031 1729 1120 1759 Vrbis
1152 1729 1306 1766 incendio,
1330 1729 1405 1767 quod

271 1766 351 1797 Nero
373 1767 407 1796 in
428 1767 624 1798 Christianos
646 1769 814 1799 derivavit.
838 1769 875 1799 V.
899 1770 1005 1801 ΤΑοιτ.
1030 1771 1157 1800 Annal.
1180 1769 1251 1808 XV,
1273 1771 1325 1802 44.

329 1807 377 1848 (4)
401 1809 481 1838 Post
501 1810 589 1839 huno
610 1813 640 1838 et
654 1811 789 1840 Decius.
813 1811 965 1841 Neronem
980 1812 1014 1841 et
1027 1812 1154 1842 Decium
1169 1812 1224 1842 alii
1246 1813 1403 1852 principes

266 1852 455 1888 exceperunt
468 1850 708 1882 insshristianos
721 1852 904 1882 saevientes.
922 1852 982 1883 Sed
993 1853 1104 1883 Decius
1117 1854 1320 1884 acerbissime
1333 1862 1397 1885 cru-

266 1891 429 1922 delitatem
451 1901 539 1922 suam
568 1894 707 1923 exercuit
729 1894 762 1923 in
784 1893 945 1930 mortales,
968 1893 1182 1926 Christianum
1205 1903 1314 1926 nomen
1335 1902 1402 1934 pro-

268 1933 380 1969 fessos,
413 1933 462 1963 uti
484 1934 684 1964 Rvuunnvs
712 1937 820 1972 aperte
842 1935 1064 1973 verissimeque
1086 1938 1236 1967 testatur.
1271 1937 1309 1968 V.
1331 1938 1404 1968 Act.

266 1975 413 2013 Martyr.
438 1976 469 2004 in
491 1975 630 2007 Praefat.
651 1976 687 2008 C.
711 1977 771 2014 111,
793 1976 811 2014 ἓ
833 1977 870 2013 L,
892 1980 925 2007 et
947 1977 996 2007 LI.

331 2016 377 2054 (ὂ)
401 2016 444 2045 Et
464 2017 524 2046 snb
538 2018 612 2047 iure
625 2019 692 2055 tori
706 2040 713 2048 .
730 2041 737 2048 .
753 2041 760 2050 .
795 2018 910 2049 Contra
926 2018 1012 2055 leges
1034 2019 1116 2049 enim
1146 2019 1178 2049 in
1199 2019 1404 2050 Romanorum

266 2055 330 2086 foro
353 2058 507 2095 vigentes,
521 2067 599 2095 quae
623 2059 804 2097 religionem
837 2059 1009 2097 quamlibet
1040 2061 1203 2098 vetabunt,
1233 2061 1403 2101 Christiani

265 2107 390 2135 peccare
413 2100 628 2132 censebantur.
647 2101 682 2131 V.
696 2101 857 2132 Rvnuu'r.
872 2110 961 2138 quem
984 2111 1080 2140 nuper
1102 2102 1250 2134 diximus.
1275 2103 1318 2139 11,
1343 2102 1391 2134 25.
