1566 2482
590 147 882 184 mmm-muna
940 151 942 154 ’
1229 139 1306 183 1’07

165 268 336 308 Praestet
362 267 400 306 et
426 266 645 305 alterutram
671 265 855 315 permissa
880 265 1036 305 licentia
1064 266 1216 305 sortem.

166 323 250 361 Hac
276 321 414 369 pietate
433 332 554 369 vagus
574 319 654 372 (1),
674 322 713 359 et
729 321 837 359 tanto
854 332 1007 359 munere
1035 319 1251 366 abundans,

166 375 318 414 Transit
343 374 574 423 propositum
593 374 667 421 fas,
689 376 727 413 et
744 374 873 413 letalia
894 375 953 423 (2)
981 374 1147 423 prudens
1230 372 1307 412 710

166 429 305 478 Eligit:
336 430 447 477 atque
474 428 604 467 volens
630 428 725 467 illud
751 428 875 477 magis
902 428 994 466 utile
1020 430 1136 475 retur,

165 483 284 530 Quod,
312 482 529 531 prohibente
557 483 650 530 Deo,
680 482 866 531 persuasit
893 478 1052 521 callidus
1081 481 1233 530 anguis.

166 536 359 576 Persuasit
385 538 482 575 certe
510 537 675 583 hortatu,
706 547 783 574 non
810 536 961 584 impulit
988 535 1066 574 acri

167 590 341 639 Imperio.
374 591 455 629 Hoc
482 590 616 628 mulier
642 601 706 628 rea
733 590 901 628 criminis
928 588 1165 637 exprobranti
1194 587 1253 636 (3)

167 644 371 693 Respondit
398 644 580 683 Domino:
610 644 774 682 suadelis
795 656 834 682 se
852 642 1067 682 malefabris
1095 643 1153 691 (4)
1232 641 1306 681 715

167 698 367 751 Inlectam‚
398 697 562 737 suasisse
589 697 693 736 viro:
723 698 782 736 vir
808 699 846 736 et
873 697 951 745 ipse
978 697 1136 735 libenter

167 751 377 791 Consensit.
409 751 533 790 Licuit
558 763 606 790 ne
634 752 844 790 hortantem
872 762 1043 798 spernere
1070 749 1162 788 recti

167 806 354 844 Libertate
382 805 528 843 animi?
557 805 707 851 Licuit3
739 816 899 853 namque
927 806 964 842 et
993 805 1094 843 Deus
1122 804 1209 841 ante

166 860 356 906 Suaserat,
385 860 428 897 ut
454 859 608 897 meliora
635 860 764 898 volens
792 859 1025 907 sequeretur3
1058 858 1099 895 at
1125 857 1188 895 ille

165 915 350 960 Spernens
375 912 589 959 consilium,
619 924 730 951 saevo
757 913 842 961 plus
870 912 1029 951 credidit
1056 910 1170 950 hosti.
1231 911 1308 949 720

166 968 278 1006 Nunc
304 967 403 1005 inter
428 966 527 1004 vitae
555 966 760 1013 dominum,
791 966 993 1014 mortisque
1021 965 1244 1014 magistrum

166 1021 346 1076 Consistit
371 1021 535 1058 medius:
565 1022 674 1058 vocat
700 1020 788 1058 hinc
816 1021 931 1067 Deus,
962 1019 1049 1057 inde
1076 1020 1263 1068 tyrannus

166 1075 408 1123 Ambiguum,
436 1076 546 1122 atque
576 1074 654 1112 suis
683 1085 721 1112 se
741 1073 904 1112 motibus
923 1073 1174 1111 alternantem
1195 1073 1268 1122 (5).

166 1128 302 1176 Accipe
329 1129 520 1176 gestarum
548 1129 790 1166 monumenta
817 1127 987 1175 insignia
1015 1138 1153 1174 rerum,

167 1181 355 1220 Praelusit
368 1181 502 1230 quibus
516 1180 674 1220 historia
690 1181 749 1230 (6)
766 1181 968 1229 spectabile
987 1180 1153 1229 signum.
1233 1180 1307 1218 725

167 1236 263 1274 Loth
290 1235 440 1283 fugiens
466 1235 631 1273 Sodomis
660 1235 892 1283 ardentibus,
923 1234 1050 1273 omnia
1077 1245 1202 1272 secum

168 1290 335 1338 Pignora
361 1300 448 1327 cara
477 1289 606 1326 domus
634 1289 872 1337 properabat,
904 1289 989 1327 sede
1015 1288 1160 1335 relicta,

103 1374 106 1376 v
167 1343 340 1402 Nubibus
375 1342 592 1381 urbicremis
623 1343 682 1392 (7)
722 1343 951 1390 subducere,
991 1342 1168 1390 sulphure
1197 1353 1319 1389 quum,

166 1450 346 1489 Nimboso
373 1449 518 1497 ignitus
546 1449 691 1488 caelum
719 1450 929 1488 subtexeret
957 1455 1036 1497 aer,
1200 1394 1306 1446 [ιη’

169 1505 479 1552 Flagrantemque
497 1504 594 1544 diem
614 1504 801 1552 crepitans
821 1504 1036 1542 incenderet
1056 1502 1187 1541 imber.
1232 1503 1254 1541 7
1259 1503 1309 1541 30

232 1604 280 1644 (1)
304 1604 377 1634 Ha:
393 1604 516 1641 pietate
539 1613 653 1641 cayna.
678 1604 935 1633 Pentemimerem
958 1604 1064 1639 habes,
1097 1604 1130 1634 et
1151 1612 1310 1633 caesuram

168 1648 302 1684 longam.
327 1646 364 1677 V.
387 1647 420 1675 et
441 1645 513 1676 877.
529 1662 571 1668 —
598 1645 751 1676 erzu's
773 1655 811 1675 ex
834 1646 989 1675 nonnullis
1004 1645 1170 1676 Codicrbus
1187 1645 1309 1676 Vaticc.

170 1690 230 1719 hac
250 1689 369 1726 pietate
391 1688 514 1724 videns.

233 1729 286 1770 (2)
306 1729 452 1766 prudens
463 1729 586 1768 Eligit.-
609 1732 703 1768 atque
718 1728 835 1759 volens.
856 1729 892 1762 V.
910 1729 942 1759 S.
959 1728 1094 1759 AVGVST.
1107 1729 1156 1758 De
1173 1729 1311 1759 Cimtate

170 1773 248 1808 Dei,
270 1771 357 1807 XIV,
379 1780 407 1802 c.
431 1771 472 1802 11.

233 1814 278 1852 (3)
299 1812 512 1851 ezprobranti
533 1820 614 1842 vers.
637 1812 746 1850 spond.

233 1855 280 1894 (4)
302 1854 450 1885 suadelis
463 1854 667 1892 malefabris.
692 1854 772 1884 Male
794 1854 998 1891 excogitatis,
1021 1854 1147 1886 dolosis.
1176 1854 1210 1884 V.
1228 1854 1308 1884 Gen.

169 1898 226 1934 111,
251 1897 301 1926 14.
327 1896 516 1934 Malefaber,
540 1896 633 1930 abra,
656 1896 752 1925 hrum
775 1896 949 1934 appositum
967 1898 1015 1926 cst
1030 1896 1281 1934 prudentianum.

233 1940 278 1973 (5)
301 1938 501 1975 Aonbtquum
523 1940 584 1967 etc.
612 1938 698 1967 vers.
721 1938 831 1975 spond.

234 1980 279 2018 (6)
302 1980 472 2010 Praelusit
492 1979 612 2017 quibus
633 1979 784 2011 historia.
809 1980 846 2010 V.
872 1980 986 2008 Genes.
1010 1978 1099 2016 XIX,
1121 1979 1175 2010 27.

234 2022 283 2061 (7)
305 2021 455 2052 Nubibus
477 2020 686 2051 urbicremis:
709 2029 787 2057 quae
809 2021 904 2051 nubes
932 2021 1038 2050 urbem
1059 2021 1246 2057 cremarent,
1264 2021 1310 2050 in·

170 2064 277 2096 cendio
299 2063 506 2094 absumerent.
529 2062 735 2093 Urbim-emus
758 2072 815 2093 vox
829 2063 944 2094 adieet.
961 2072 980 2093 a
995 2062 1164 2093 Prudentio
1185 2064 1310 2094 tantum

173 2107 336 2145 usurpata.
