1566 2482
1188 116 1265 165 *49

121 251 338 292 carceribus
364 250 513 298 vestris,
544 250 739 300 amploque
766 249 939 291 facessite
966 251 1081 300 ponto
1094 282 1103 299 ,

119 306 176 345 Sit
201 305 276 344 nisi
305 304 553 353 Caelipotens,
580 304 810 353 Aquilonum
827 304 996 344 conditor
1014 304 1139 344 idem?
1186 307 1264 345 660

118 359 336 408 Ninguidus
364 358 535 408 agnoscit
561 359 713 405 Boreas,
744 360 854 408 atque
882 358 1049 398 imbrifer
1075 360 1198 399 Eurus

117 413 337 452 Nimborum
366 412 570 460 dominum,
587 414 920 462 tempestatumque
939 414 1126 461 potentem
1147 412 1233 464 (1);

116 467 357 516 Excitamque
384 467 551 515 hyemem
578 468 732 504 verrunt
758 467 901 505 ridente
929 478 1071 506 sereno.

116 521 206 568 Quis
233 519 358 569 pelagi
384 520 539 559 calcarit
566 522 709 568 aquas?
738 520 821 569 quis
849 532 912 569 per
939 521 1037 559 vada
1051 521 1200 570 >glauca

116 575 313 614 Gressibus
341 574 531 622 impressis
559 574 745 625 spatiatus
771 574 918 613 triverit
943 575 1059 613 udum
1183 575 1260 614 665

115 630 201 667 Non
221 628 435 667 submersus
453 628 539 674 iter,
561 628 641 666 sola
660 627 859 675 pendulus,
877 629 914 666 et
932 628 1023 676 pede
1043 627 1164 667 siccus
1181 628 1258 679 (2),

114 683 326 731 Aequoreae
354 681 428 720 nisi
455 681 574 720 factor
600 684 747 730 aquae?
775 681 839 730 qui
867 681 1027 730 Spiritus
1055 681 1144 721 olim
1173 683 1233 733 (3)

115 737 186 775 Ore
214 735 430 784 superfusus
456 735 578 784 patrio
604 735 787 774 volitabat
814 735 854 773 in
881 735 994 775 undis

113 790 289 828 Nondum
317 789 502 836 discretis,
533 800 601 827 nec
628 790 727 828 certo
753 789 861 828 litore
889 789 1042 828 clausis.

111 843 297 882 Sustinuit
315 853 483 892 gressum
503 842 644 881 domini
662 842 826 881 famulus
846 842 982 892 liquor,
1005 854 1049 882 ac
1068 855 1122 891 se,
1182 843 1260 882 670

114 897 319 935 Mobilitate
347 907 493 944 carens,
525 896 663 935 solidos
692 896 915 948 substrinxit
942 897 990 935 ad
1018 908 1122 936 usus.

112 950 208 997 Quid
236 951 382 990 diversa
410 950 480 989 Dei
506 961 703 988 memorem
731 949 832 988 facta
858 949 992 989 inclita
1020 950 1174 999 Christi,

112 1004 239 1043 Altius
264 1004 434 1052 inspecta
461 1015 569 1053 quem
596 1004 790 1042 maiestate
817 1005 974 1053 negator

111 1058 226 1096 Haud
244 1057 422 1096 dubitans
439 1058 640 1105 hominem,
661 1059 740 1096 tute
758 1057 837 1106 ipse
857 1057 1017 1096 fatebere
1036 1058 1207 1096 Numen?

9 1123 28 1132 ’·
85 1109 406 1156 ?In]evit>caecos
434 1112 573 1158 oculos,
604 1113 641 1150 et
667 1111 812 1149 lumina
838 1111 927 1150 limo
957 1111 1017 1161 (4)
1181 1112 1258 1151 675

110 1165 288 1204 Reddidit
313 1165 524 1204 humectam
553 1165 612 1214 (5)
643 1176 747 1204 sacro
775 1165 986 1214 sputamine
1013 1166 1151 1204 terram

112 1220 355 1258 contrectans
382 1219 526 1268 digitis.
558 1220 715 1258 Luteum
741 1220 971 1258 medicamen
999 1221 1126 1267 operta

110 1274 195 1311 Nox
222 1273 377 1319 habuit3
408 1274 581 1312 tenebras
608 1274 769 1312 obducta
794 1273 898 1322 uligo
924 1272 1093 1312 removit.

108 1327 269 1375 Insuper
296 1327 459 1365 ostendit
486 1338 648 1376 quonam
676 1327 798 1377 caligo
825 1327 975 1366 lavacro

109 1380 364 1430 Expurganda
391 1381 499 1427 foret,
530 1381 645 1419 variis
673 1381 771 1419 Siloa
799 1381 964 1420 refundit
1180 1381 1258 1420 680

109 1434 308 1473 Momentis
334 1434 464 1474 latices
494 1434 572 1484 (6),
602 1447 671 1474 nec
697 1436 851 1475 fluctum
880 1447 1023 1484 semper
1051 1434 1227 1482 anhelat,

152 1522 200 1563 (1)
223 1524 374 1554 Νἶηιόον.
395 1524 566 1554 dominum
590 1524 652 1555 etc.
676 1524 711 1554 V.
735 1523 829 1555 Viuo.
854 1525 935 1555 Aen.
960 1524 990 1558 1
1008 1524 1058 1554 80.

151 1565 196 1603 (2)
219 1566 294 1595 Non
315 1565 508 1596 submersus·
519 1567 594 1601 iter,
614 1566 685 1595 sola
694 1566 872 1604 pendulus,
888 1569 919 1596 et
928 1566 1011 1605 pede
1025 1566 1145 1596 siccus.
1173 1562 1257 1599 ιΕλ-

107 1611 269 1660 ληνικῶς.
300 1630 338 1635 -
361 1614 492 1649 Τιῑιιοιη
517 1613 621 1644 GlseL.
645 1612 761 1651 aliique
783 1615 814 1642 et
829 1613 912 1652 pedo
932 1614 1028 1644 sicco.

151 1659 198 1701 (3)
221 1661 279 1700 qui
301 1660 452 1699 Spiritus
473 1656 553 1690 olt‘m
575 1661 638 1691 etc.
662 1660 710 1691 Ad
730 1660 844 1692 Genus.
871 1661 902 1698 1,
918 1661 937 1691 2
960 1661 1035 1691 haec
1057 1660 1152 1690 verba
1174 1635 1255 1690 refe-

109 1706 236 1739 runtur,
260 1702 310 1732 ubi
334 1702 371 1732 de
393 1702 516 1740 Spiritu
545 1701 675 1738 Sancto
704 1704 754 1740 qui
778 1711 869 1742 super
891 1711 986 1740 aquas
998 1702 1174 1738 ferebatur:
1198 1701 1254 1732 sed

108 1744 246 1782 inteliigi
270 1745 366 1775 etiam
401 1745 532 1782 possunt
553 1745 590 1775 de
613 1744 696 1774 Filio
719 1745 788 1781 Dei,
810 1754 872 1784 per
893 1754 989 1784 quem
1016 1744 1131 1774 omnia
1159 1744 1253 1783 facta

106 1789 198 1820 sunt.
223 1789 254 1816 et
274 1786 346 1816 sine
367 1794 430 1825 quo
453 1787 580 1823 factum
595 1786 758 1817 estnihil.

149 1828 195 1866 (4)
219 1828 339 1858 Inlem't
359 1837 468 1858 caecos
489 1830 551 1860 eto.
577 1829 613 1860 V.
639 1828 754 1859 Ioum.
778 1828 836 1865 IX,
861 1828 914 1859 29.

148 1870 194 1908 (5)
215 1870 410 1901 humectam.
435 1870 657 1901 Lucretianum
680 1871 740 1907 est,
763 1870 803 1901 ab
825 1870 982 1908 humecto,
1007 1879 1061 1907 as;
1078 1878 1133 1910 pro
1145 1869 1253 1900 hume-

108 1910 324 1994 faissmusarit's
342 1951 434 1984 Siloa
457 1953 608 1990 refundu
631 1953 806 1984 Momentis
825 1954 951 1986 latices.
968 1955 1036 1985 Non
1061 1954 1144 1984 euim
1159 1953 1249 1985 Siloa.

102 1996 228 2032 iugibus
250 1995 352 2032 aquis,
373 1995 427 2025 sed
449 1995 556 2026 diebus
578 1996 721 2034 horisque
737 1996 865 2027 incertis
886 1997 1018 2028 ebullire
1032 1997 1247 2033 consueverat,

101 2038 148 2067 uti
170 2039 280 2068 narrat
300 2037 332 2068 S.
357 2036 554 2075 menon-na„
580 2038 627 2077 (in
648 2039 723 2069 Isai.
749 2038 833 2075 vm,
856 2037 904 2079 6),
927 2043 1022 2076 atque
1047 2038 1105 2069 sub
1126 2039 1246 2069 terram

101 2079 226 2110 elabens
245 2079 397 2119 piscinam
417 2087 472 2109 seu
492 2080 688 2111 natationem
709 2080 875 2111 efficiebat.
892 2080 954 2112 Sed
974 2080 1033 2112 hoc
1052 2080 1119 2111 loco
1140 2081 1249 2111 noster

192 2156 232 2191 A.
242 2157 436 2199 „Panum
460 2156 569 2197 Opera
1115 2150 1121 2155 '
1147 2158 1167 2190 4
