<?xml version="1.0" encoding="UTF-8"?>
<!DOCTYPE html PUBLIC "-//W3C//DTD XHTML 1.0 Transitional//EN"
    "http://www.w3.org/TR/xhtml1/DTD/xhtml1-transitional.dtd">
<html xmlns="http://www.w3.org/1999/xhtml" xml:lang="en" lang="en">
 <head>
  <title>
</title>
<meta http-equiv="Content-Type" content="text/html;charset=utf-8" />
  <meta name='ocr-system' content='tesseract 3.04.00' />
  <meta name='ocr-capabilities' content='ocr_page ocr_carea ocr_par ocr_line ocrx_word'/>
</head>
<body>
  <div class='ocr_page' id='page_1' title='image "./operaprud00pruduoft/operaprud00pruduoft_0157.png"; bbox 0 0 1566 2482; ppageno 0'>
   <div class='ocr_carea' id='block_1_1' title="bbox 0 0 1566 135">
    <p class='ocr_par' dir='ltr' id='par_1_1' title="bbox 0 0 1566 135">
     <span class='ocr_line' id='line_1_1' title="bbox 0 0 1566 135; baseline 0 2347"><span class='ocrx_word' id='word_1_1' title='bbox 0 0 1566 135; x_wconf 95' lang='lat' dir='ltr'><strong> </strong></span> 
     </span>
    </p>
   </div>
   <div class='ocr_carea' id='block_1_2' title="bbox 531 117 1288 186">
    <p class='ocr_par' dir='ltr' id='par_1_2' title="bbox 531 117 1288 186">
     <span class='ocr_line' id='line_1_2' title="bbox 531 117 1288 186; baseline -0.001 -1"><span class='ocrx_word' id='word_1_2' title='bbox 531 155 542 171; x_wconf 71' lang='lat'>⁵</span> <span class='ocrx_word' id='word_1_3' title='bbox 571 138 876 186; x_wconf 62' lang='lat' dir='ltr'><strong>meminim-</strong></span> <span class='ocrx_word' id='word_1_4' title='bbox 903 169 908 173; x_wconf 91' lang='lat'>·</span> <span class='ocrx_word' id='word_1_5' title='bbox 1143 117 1147 119; x_wconf 20' lang='grc' dir='ltr'>ι</span> <span class='ocrx_word' id='word_1_6' title='bbox 1209 142 1288 184; x_wconf 78' lang='grc'><strong>158</strong></span> 
     </span>
    </p>
   </div>
   <div class='ocr_carea' id='block_1_3' title="bbox 141 262 1290 1066">
    <p class='ocr_par' dir='ltr' id='par_1_3' title="bbox 144 262 1212 367">
     <span class='ocr_line' id='line_1_3' title="bbox 145 262 1212 314; baseline 0.002 -12"><span class='ocrx_word' id='word_1_7' title='bbox 145 263 287 311; x_wconf 80' lang='lat' dir='ltr'><strong>Quidve</strong></span> <span class='ocrx_word' id='word_1_8' title='bbox 312 262 448 304; x_wconf 83' lang='lat' dir='ltr'><strong>hostile</strong></span> <span class='ocrx_word' id='word_1_9' title='bbox 474 265 601 304; x_wconf 89' lang='lat' dir='ltr'><strong>notet:</strong></span> <span class='ocrx_word' id='word_1_10' title='bbox 631 264 762 313; x_wconf 90' lang='lat' dir='ltr'><strong>letum,</strong></span> <span class='ocrx_word' id='word_1_11' title='bbox 792 264 980 313; x_wconf 82' lang='lat' dir='ltr'><strong>versatile,</strong></span> <span class='ocrx_word' id='word_1_12' title='bbox 1010 266 1047 304; x_wconf 89' lang='lat' dir='ltr'><strong>et</strong></span> <span class='ocrx_word' id='word_1_13' title='bbox 1066 276 1212 314; x_wconf 66' lang='lat' dir='ltr'><strong>‘anceps</strong></span> 
     </span>
     <span class='ocr_line' id='line_1_4' title="bbox 144 317 1086 367; baseline 0.002 -11"><span class='ocrx_word' id='word_1_14' title='bbox 144 317 324 357; x_wconf 88' lang='lat' dir='ltr'><strong>Lubricat</strong></span> <span class='ocrx_word' id='word_1_15' title='bbox 347 317 510 357; x_wconf 81' lang='lat' dir='ltr'><strong>incertos</strong></span> <span class='ocrx_word' id='word_1_16' title='bbox 535 318 651 358; x_wconf 87' lang='lat' dir='ltr'><strong>dubia</strong></span> <span class='ocrx_word' id='word_1_17' title='bbox 677 319 748 358; x_wconf 85' lang='lat' dir='ltr'><strong>sub</strong></span> <span class='ocrx_word' id='word_1_18' title='bbox 774 318 940 367; x_wconf 79' lang='lat' dir='ltr'>imagine</span> <span class='ocrx_word' id='word_1_19' title='bbox 967 318 1086 358; x_wconf 87' lang='lat' dir='ltr'><strong>visus.</strong></span> 
     </span>
    </p>

    <p class='ocr_par' dir='ltr' id='par_1_4' title="bbox 143 371 1290 529">
     <span class='ocr_line' id='line_1_5' title="bbox 143 371 1290 423; baseline 0.002 -13"><span class='ocrx_word' id='word_1_20' title='bbox 143 372 265 419; x_wconf 79' lang='lat' dir='ltr'><strong>Quum</strong></span> <span class='ocrx_word' id='word_1_21' title='bbox 277 371 400 412; x_wconf 88' lang='lat' dir='ltr'><strong>subito</strong></span> <span class='ocrx_word' id='word_1_22' title='bbox 418 372 458 412; x_wconf 88' lang='lat' dir='ltr'><strong>in</strong></span> <span class='ocrx_word' id='word_1_23' title='bbox 482 372 645 411; x_wconf 89' lang='lat' dir='ltr'><strong>medium</strong></span> <span class='ocrx_word' id='word_1_24' title='bbox 665 372 841 412; x_wconf 83' lang='lat' dir='ltr'><strong>frendens</strong></span> <span class='ocrx_word' id='word_1_25' title='bbox 856 372 1100 423; x_wconf 89' lang='lat' dir='ltr'><strong>Operatio(1)</strong></span> <span class='ocrx_word' id='word_1_26' title='bbox 1118 384 1290 422; x_wconf 89' lang='lat' dir='ltr'><strong>campum</strong></span> 
     </span>
     <span class='ocr_line' id='line_1_6' title="bbox 143 425 1286 476; baseline 0.003 -13"><span class='ocrx_word' id='word_1_27' title='bbox 143 425 299 464; x_wconf 79' lang='lat' dir='ltr'><strong>Prosilit</strong></span> <span class='ocrx_word' id='word_1_28' title='bbox 324 425 464 464; x_wconf 84' lang='lat' dir='ltr'><strong>auxilio</strong></span> <span class='ocrx_word' id='word_1_29' title='bbox 491 426 614 474; x_wconf 92' lang='lat' dir='ltr'><strong>sociis,</strong></span> <span class='ocrx_word' id='word_1_30' title='bbox 642 438 883 476; x_wconf 80' lang='lat' dir='ltr'><strong>pugnamque</strong></span> <span class='ocrx_word' id='word_1_31' title='bbox 910 427 1075 475; x_wconf 78' lang='lat' dir='ltr'><strong>capessit</strong></span> <span class='ocrx_word' id='word_1_32' title='bbox 1209 427 1286 466; x_wconf 89' lang='lat'><strong>575</strong></span> 
     </span>
     <span class='ocr_line' id='line_1_7' title="bbox 143 478 1032 529; baseline 0.004 -13"><span class='ocrx_word' id='word_1_33' title='bbox 143 478 303 517; x_wconf 84' lang='lat' dir='ltr'><strong>Militiae</strong></span> <span class='ocrx_word' id='word_1_34' title='bbox 328 481 516 528; x_wconf 84' lang='lat' dir='ltr'><strong>postrema</strong></span> <span class='ocrx_word' id='word_1_35' title='bbox 542 480 679 529; x_wconf 89' lang='lat' dir='ltr'><strong>gradu,</strong></span> <span class='ocrx_word' id='word_1_36' title='bbox 710 481 775 519; x_wconf 91' lang='lat' dir='ltr'><strong>sed</strong></span> <span class='ocrx_word' id='word_1_37' title='bbox 802 480 883 520; x_wconf 87' lang='lat' dir='ltr'><strong>sola</strong></span> <span class='ocrx_word' id='word_1_38' title='bbox 909 481 1032 520; x_wconf 87' lang='lat' dir='ltr'><strong>duello</strong></span> 
     </span>
    </p>

    <p class='ocr_par' dir='ltr' id='par_1_5' title="bbox 143 532 1203 628">
     <span class='ocr_line' id='line_1_8' title="bbox 143 532 1203 583; baseline 0.002 -12"><span class='ocrx_word' id='word_1_39' title='bbox 143 532 371 581; x_wconf 88' lang='lat' dir='ltr'><strong>Impositura</strong></span> <span class='ocrx_word' id='word_1_40' title='bbox 398 545 566 581; x_wconf 90' lang='lat' dir='ltr'><strong>manum,</strong></span> <span class='ocrx_word' id='word_1_41' title='bbox 597 546 644 573; x_wconf 89' lang='lat' dir='ltr'><strong>ne</strong></span> <span class='ocrx_word' id='word_1_42' title='bbox 671 534 762 583; x_wconf 92' lang='lat' dir='ltr'><strong>quid</strong></span> <span class='ocrx_word' id='word_1_43' title='bbox 788 534 865 574; x_wconf 90' lang='lat' dir='ltr'><strong>iam</strong></span> <span class='ocrx_word' id='word_1_44' title='bbox 891 535 999 574; x_wconf 88' lang='lat' dir='ltr'><strong>triste</strong></span> <span class='ocrx_word' id='word_1_45' title='bbox 1027 535 1203 583; x_wconf 78' lang='lat' dir='ltr'><strong>supersit.</strong></span> 
     </span>
     <span class='ocr_line' id='line_1_9' title="bbox 144 586 1186 636; baseline 0.002 -11"><span class='ocrx_word' id='word_1_46' title='bbox 144 586 262 625; x_wconf 91' lang='lat' dir='ltr'><strong>Omne</strong></span> <span class='ocrx_word' id='word_1_47' title='bbox 290 598 384 635; x_wconf 86' lang='lat' dir='ltr'><strong>onus</strong></span> <span class='ocrx_word' id='word_1_48' title='bbox 411 599 457 626; x_wconf 80' lang='lat' dir='ltr'><strong>ex</strong></span> <span class='ocrx_word' id='word_1_49' title='bbox 484 587 647 627; x_wconf 89' lang='lat' dir='ltr'><strong>humeris</strong></span> <span class='ocrx_word' id='word_1_50' title='bbox 678 588 871 636; x_wconf 87' lang='lat' dir='ltr'><strong>reiecerat,</strong></span> <span class='ocrx_word' id='word_1_51' title='bbox 902 588 1074 628; x_wconf 86' lang='lat' dir='ltr'><strong>omnibus</strong></span> <span class='ocrx_word' id='word_1_52' title='bbox 1105 589 1186 628; x_wconf 89' lang='lat' dir='ltr'><strong>ibat</strong></span> 
     </span>
    </p>

    <p class='ocr_par' dir='ltr' id='par_1_6' title="bbox 142 633 1101 690">
     <span class='ocr_line' id='line_1_10' title="bbox 142 633 1101 690; baseline 0.002 -12"><span class='ocrx_word' id='word_1_53' title='bbox 142 640 181 679; x_wconf 87' lang='lat' dir='ltr'>N</span> <span class='ocrx_word' id='word_1_54' title='bbox 182 640 298 679; x_wconf 90' lang='lat' dir='ltr'><strong>udata</strong></span> <span class='ocrx_word' id='word_1_55' title='bbox 322 633 504 689; x_wconf 78' lang='lat' dir='ltr'><strong>induviis,</strong></span> <span class='ocrx_word' id='word_1_56' title='bbox 534 641 653 681; x_wconf 87' lang='lat' dir='ltr'><strong>multo</strong></span> <span class='ocrx_word' id='word_1_57' title='bbox 680 643 718 680; x_wconf 90' lang='lat' dir='ltr'><strong>et</strong></span> <span class='ocrx_word' id='word_1_58' title='bbox 745 654 784 681; x_wconf 86' lang='lat' dir='ltr'><strong>se</strong></span> <span class='ocrx_word' id='word_1_59' title='bbox 811 642 912 682; x_wconf 87' lang='lat' dir='ltr'><strong>fasce</strong></span> <span class='ocrx_word' id='word_1_60' title='bbox 938 642 1101 690; x_wconf 77' lang='lat' dir='ltr'><strong>levarat,</strong></span> 
     </span>
    </p>

    <p class='ocr_par' dir='ltr' id='par_1_7' title="bbox 142 693 1290 906">
     <span class='ocr_line' id='line_1_11' title="bbox 143 693 1290 757; baseline 0.001 -24"><span class='ocrx_word' id='word_1_61' title='bbox 143 693 242 733; x_wconf 90' lang='lat' dir='ltr'><strong>Olim</strong></span> <span class='ocrx_word' id='word_1_62' title='bbox 270 694 429 743; x_wconf 89' lang='lat' dir='ltr'><strong>divitiis,</strong></span> <span class='ocrx_word' id='word_1_63' title='bbox 460 695 711 757; x_wconf 84' lang='lat' dir='ltr'><strong>gravibusque</strong></span> <span class='ocrx_word' id='word_1_64' title='bbox 738 707 916 745; x_wconf 89' lang='lat' dir='ltr'><strong>oppressa</strong></span> <span class='ocrx_word' id='word_1_65' title='bbox 941 696 1111 744; x_wconf 86' lang='lat' dir='ltr'><strong>talentis,</strong></span> <span class='ocrx_word' id='word_1_66' title='bbox 1212 697 1290 735; x_wconf 88' lang='lat'>580</span> 
     </span>
     <span class='ocr_line' id='line_1_12' title="bbox 143 747 1290 799; baseline 0.002 -13"><span class='ocrx_word' id='word_1_67' title='bbox 143 747 293 786; x_wconf 89' lang='lat' dir='ltr'><strong>Libera</strong></span> <span class='ocrx_word' id='word_1_68' title='bbox 304 760 405 788; x_wconf 91' lang='lat' dir='ltr'><strong>nunc</strong></span> <span class='ocrx_word' id='word_1_69' title='bbox 432 749 643 789; x_wconf 89' lang='lat' dir='ltr'><strong>miserando</strong></span> <span class='ocrx_word' id='word_1_70' title='bbox 673 750 844 798; x_wconf 89' lang='lat' dir='ltr'><strong>inopum,</strong></span> <span class='ocrx_word' id='word_1_71' title='bbox 873 761 966 799; x_wconf 88' lang='lat' dir='ltr'><strong>quos</strong></span> <span class='ocrx_word' id='word_1_72' title='bbox 992 750 1102 799; x_wconf 88' lang='lat' dir='ltr'><strong>larga</strong></span> <span class='ocrx_word' id='word_1_73' title='bbox 1128 750 1290 799; x_wconf 78' lang='lat' dir='ltr'><strong>benigne</strong></span> 
     </span>
     <span class='ocr_line' id='line_1_13' title="bbox 142 802 1236 853; baseline 0.004 -14"><span class='ocrx_word' id='word_1_74' title='bbox 142 802 314 850; x_wconf 32' lang='lat' dir='ltr'><strong>Foveiffat</strong></span> <span class='ocrx_word' id='word_1_75' title='bbox 345 803 540 841; x_wconf 87' lang='lat' dir='ltr'><strong>effundens</strong></span> <span class='ocrx_word' id='word_1_76' title='bbox 565 803 730 852; x_wconf 88' lang='lat' dir='ltr'><strong>patrium</strong></span> <span class='ocrx_word' id='word_1_77' title='bbox 763 804 854 843; x_wconf 91' lang='lat' dir='ltr'><strong>bene</strong></span> <span class='ocrx_word' id='word_1_78' title='bbox 886 803 1044 853; x_wconf 88' lang='lat' dir='ltr'><strong>prodiga</strong></span> <span class='ocrx_word' id='word_1_79' title='bbox 1070 815 1236 843; x_wconf 88' lang='lat' dir='ltr'><strong>censum.</strong></span> 
     </span>
     <span class='ocr_line' id='line_1_14' title="bbox 142 855 1058 906; baseline 0.003 -13"><span class='ocrx_word' id='word_1_80' title='bbox 142 855 226 894; x_wconf 91' lang='lat' dir='ltr'><strong>Iam</strong></span> <span class='ocrx_word' id='word_1_81' title='bbox 253 855 395 895; x_wconf 91' lang='lat' dir='ltr'><strong>loculos</strong></span> <span class='ocrx_word' id='word_1_82' title='bbox 422 856 544 895; x_wconf 90' lang='lat' dir='ltr'><strong>ditata</strong></span> <span class='ocrx_word' id='word_1_83' title='bbox 571 857 662 896; x_wconf 85' lang='lat' dir='ltr'><strong>Fide</strong></span> <span class='ocrx_word' id='word_1_84' title='bbox 689 858 883 906; x_wconf 80' lang='lat' dir='ltr'><strong>spectabat</strong></span> <span class='ocrx_word' id='word_1_85' title='bbox 908 858 1058 905; x_wconf 89' lang='lat' dir='ltr'><strong>inanes,</strong></span> 
     </span>
    </p>

    <p class='ocr_par' dir='ltr' id='par_1_8' title="bbox 141 909 1288 1066">
     <span class='ocr_line' id='line_1_15' title="bbox 141 909 1166 958; baseline 0.004 -11"><span class='ocrx_word' id='word_1_86' title='bbox 141 909 344 948; x_wconf 77' lang='lat' dir='ltr'><strong>Aeternam</strong></span> <span class='ocrx_word' id='word_1_87' title='bbox 372 921 574 949; x_wconf 89' lang='lat' dir='ltr'><strong>numerans</strong></span> <span class='ocrx_word' id='word_1_88' title='bbox 600 911 764 957; x_wconf 82' lang='lat' dir='ltr'><strong>redituro</strong></span> <span class='ocrx_word' id='word_1_89' title='bbox 790 910 940 950; x_wconf 87' lang='lat' dir='ltr'><strong>foenore</strong></span> <span class='ocrx_word' id='word_1_90' title='bbox 967 923 1166 958; x_wconf 82' lang='lat' dir='ltr'><strong>summam.</strong></span> 
     </span>
     <span class='ocr_line' id='line_1_16' title="bbox 141 962 1288 1014; baseline 0.001 -13"><span class='ocrx_word' id='word_1_91' title='bbox 141 962 300 1002; x_wconf 88' lang='lat' dir='ltr'><strong>Horruit</strong></span> <span class='ocrx_word' id='word_1_92' title='bbox 326 963 487 1002; x_wconf 89' lang='lat' dir='ltr'><strong>invictae</strong></span> <span class='ocrx_word' id='word_1_93' title='bbox 515 964 677 1003; x_wconf 86' lang='lat' dir='ltr'><strong>Virtutis</strong></span> <span class='ocrx_word' id='word_1_94' title='bbox 703 964 862 1012; x_wconf 84' lang='lat' dir='ltr'><strong>fulmen,</strong></span> <span class='ocrx_word' id='word_1_95' title='bbox 893 967 930 1004; x_wconf 90' lang='lat' dir='ltr'><strong>et</strong></span> <span class='ocrx_word' id='word_1_96' title='bbox 955 965 1076 1014; x_wconf 85' lang='lat' dir='ltr'><strong>impos</strong></span> <span class='ocrx_word' id='word_1_97' title='bbox 1212 965 1288 1004; x_wconf 89' lang='lat'><strong>585</strong></span> 
     </span>
     <span class='ocr_line' id='line_1_17' title="bbox 141 1016 1095 1066; baseline 0.004 -12"><span class='ocrx_word' id='word_1_98' title='bbox 141 1016 282 1055; x_wconf 83' lang='lat' dir='ltr'><strong>Mentis</strong></span> <span class='ocrx_word' id='word_1_99' title='bbox 309 1017 483 1056; x_wconf 86' lang='lat' dir='ltr'><strong>Avaritia</strong></span> <span class='ocrx_word' id='word_1_100' title='bbox 511 1017 731 1066; x_wconf 82' lang='lat' dir='ltr'><strong>stupefactis</strong></span> <span class='ocrx_word' id='word_1_101' title='bbox 759 1019 932 1058; x_wconf 86' lang='lat' dir='ltr'><strong>sensibus</strong></span> <span class='ocrx_word' id='word_1_102' title='bbox 959 1019 1095 1066; x_wconf 82' lang='lat' dir='ltr'><strong>haesit,</strong></span> 
     </span>
    </p>
   </div>
   <div class='ocr_carea' id='block_1_4' title="bbox 12 1070 1262 1121">
    <p class='ocr_par' dir='ltr' id='par_1_9' title="bbox 12 1070 1262 1121">
     <span class='ocr_line' id='line_1_18' title="bbox 12 1070 1262 1121; baseline 0.003 -14"><span class='ocrx_word' id='word_1_103' title='bbox 12 1089 22 1098; x_wconf 57' lang='lat' dir='ltr'><em>r</em></span> <span class='ocrx_word' id='word_1_104' title='bbox 79 1075 82 1078; x_wconf 73' lang='grc'>“</span> <span class='ocrx_word' id='word_1_105' title='bbox 142 1070 251 1108; x_wconf 87' lang='lat' dir='ltr'><strong>Certa</strong></span> <span class='ocrx_word' id='word_1_106' title='bbox 269 1070 362 1109; x_wconf 90' lang='lat' dir='ltr'><strong>mori</strong></span> <span class='ocrx_word' id='word_1_107' title='bbox 381 1070 454 1121; x_wconf 86' lang='lat'><strong>(2).</strong></span> <span class='ocrx_word' id='word_1_108' title='bbox 477 1071 578 1110; x_wconf 90' lang='lat' dir='ltr'><strong>Nam</strong></span> <span class='ocrx_word' id='word_1_109' title='bbox 598 1083 692 1120; x_wconf 91' lang='lat' dir='ltr'><strong>quae</strong></span> <span class='ocrx_word' id='word_1_110' title='bbox 711 1072 855 1111; x_wconf 87' lang='lat' dir='ltr'><strong>fraudis</strong></span> <span class='ocrx_word' id='word_1_111' title='bbox 875 1073 939 1111; x_wconf 85' lang='lat' dir='ltr'><strong>via</strong></span> <span class='ocrx_word' id='word_1_112' title='bbox 956 1074 1086 1120; x_wconf 88' lang='lat' dir='ltr'><strong>restet,</strong></span> <span class='ocrx_word' id='word_1_113' title='bbox 1107 1074 1151 1111; x_wconf 86' lang='lat' dir='ltr'><strong>ut</strong></span> <span class='ocrx_word' id='word_1_114' title='bbox 1178 1072 1262 1121; x_wconf 86' lang='lat' dir='ltr'><strong>ipsa</strong></span> 
     </span>
    </p>
   </div>
   <div class='ocr_carea' id='block_1_5' title="bbox 140 1123 1288 1657">
    <p class='ocr_par' dir='ltr' id='par_1_10' title="bbox 143 1123 1025 1174">
     <span class='ocr_line' id='line_1_19' title="bbox 143 1123 1025 1174; baseline 0.005 -13"><span class='ocrx_word' id='word_1_115' title='bbox 143 1123 333 1174; x_wconf 84' lang='lat' dir='ltr'><strong>Calcatrix</strong></span> <span class='ocrx_word' id='word_1_116' title='bbox 358 1125 488 1162; x_wconf 86' lang='lat' dir='ltr'><strong>mundi</strong></span> <span class='ocrx_word' id='word_1_117' title='bbox 514 1125 717 1164; x_wconf 87' lang='lat' dir='ltr'><strong>mundanis</strong></span> <span class='ocrx_word' id='word_1_118' title='bbox 744 1127 844 1166; x_wconf 88' lang='lat' dir='ltr'><strong>victa</strong></span> <span class='ocrx_word' id='word_1_119' title='bbox 871 1126 1025 1165; x_wconf 81' lang='lat' dir='ltr'><strong>fatiscat</strong></span> 
     </span>
    </p>

    <p class='ocr_par' dir='ltr' id='par_1_11' title="bbox 140 1177 1288 1602">
     <span class='ocr_line' id='line_1_20' title="bbox 140 1177 1190 1228; baseline 0.004 -13"><span class='ocrx_word' id='word_1_120' title='bbox 140 1177 359 1225; x_wconf 89' lang='lat' dir='ltr'><strong>Inlecebris,</strong></span> <span class='ocrx_word' id='word_1_121' title='bbox 390 1179 585 1227; x_wconf 89' lang='lat' dir='ltr'><strong>spretoque</strong></span> <span class='ocrx_word' id='word_1_122' title='bbox 612 1180 747 1218; x_wconf 90' lang='lat' dir='ltr'><strong>iterum</strong></span> <span class='ocrx_word' id='word_1_123' title='bbox 774 1192 854 1219; x_wconf 89' lang='lat' dir='ltr'><strong>sese</strong></span> <span class='ocrx_word' id='word_1_124' title='bbox 882 1179 1047 1228; x_wconf 89' lang='lat' dir='ltr'><strong>implicet</strong></span> <span class='ocrx_word' id='word_1_125' title='bbox 1074 1182 1190 1219; x_wconf 85' lang='lat' dir='ltr'><strong>auro?</strong></span> 
     </span>
     <span class='ocr_line' id='line_1_21' title="bbox 141 1231 1288 1280; baseline 0.003 -11"><span class='ocrx_word' id='word_1_126' title='bbox 141 1231 297 1270; x_wconf 86' lang='lat' dir='ltr'><strong>Invadit</strong></span> <span class='ocrx_word' id='word_1_127' title='bbox 323 1231 507 1280; x_wconf 87' lang='lat' dir='ltr'><strong>trepidam</strong></span> <span class='ocrx_word' id='word_1_128' title='bbox 534 1233 664 1272; x_wconf 83' lang='lat' dir='ltr'><strong>Virtus</strong></span> <span class='ocrx_word' id='word_1_129' title='bbox 688 1233 898 1273; x_wconf 88' lang='lat' dir='ltr'><strong>fortissima</strong></span> <span class='ocrx_word' id='word_1_130' title='bbox 926 1234 1029 1273; x_wconf 90' lang='lat' dir='ltr'><strong>duris</strong></span> <span class='ocrx_word' id='word_1_131' title='bbox 1212 1235 1288 1273; x_wconf 86' lang='lat'><strong>590</strong></span> 
     </span>
     <span class='ocr_line' id='line_1_22' title="bbox 142 1284 1053 1337; baseline 0.003 -14"><span class='ocrx_word' id='word_1_132' title='bbox 142 1284 326 1324; x_wconf 90' lang='lat' dir='ltr'><strong>Ulnarum</strong></span> <span class='ocrx_word' id='word_1_133' title='bbox 354 1285 485 1325; x_wconf 87' lang='lat' dir='ltr'><strong>nodis:</strong></span> <span class='ocrx_word' id='word_1_134' title='bbox 517 1286 635 1334; x_wconf 90' lang='lat' dir='ltr'><strong>obliso</strong></span> <span class='ocrx_word' id='word_1_135' title='bbox 663 1288 701 1325; x_wconf 91' lang='lat' dir='ltr'><strong>et</strong></span> <span class='ocrx_word' id='word_1_136' title='bbox 727 1289 879 1336; x_wconf 89' lang='lat' dir='ltr'><strong>gutture</strong></span> <span class='ocrx_word' id='word_1_137' title='bbox 905 1287 1053 1337; x_wconf 87' lang='lat' dir='ltr'><strong>frangit</strong></span> 
     </span>
     <span class='ocr_line' id='line_1_23' title="bbox 141 1338 1236 1391; baseline 0.003 -15"><span class='ocrx_word' id='word_1_138' title='bbox 141 1338 382 1388; x_wconf 86' lang='lat' dir='ltr'><strong>Exsanguem</strong></span> <span class='ocrx_word' id='word_1_139' title='bbox 409 1339 618 1390; x_wconf 86' lang='lat' dir='ltr'><strong>siccamque</strong></span> <span class='ocrx_word' id='word_1_140' title='bbox 645 1341 798 1390; x_wconf 85' lang='lat' dir='ltr'><strong>gulam:</strong></span> <span class='ocrx_word' id='word_1_141' title='bbox 829 1353 1040 1390; x_wconf 89' lang='lat' dir='ltr'><strong>compressa</strong></span> <span class='ocrx_word' id='word_1_142' title='bbox 1066 1341 1236 1391; x_wconf 84' lang='lat' dir='ltr'><strong>ligantur</strong></span> 
     </span>
     <span class='ocr_line' id='line_1_24' title="bbox 141 1391 1223 1443; baseline 0.004 -13"><span class='ocrx_word' id='word_1_143' title='bbox 141 1391 278 1432; x_wconf 89' lang='lat' dir='ltr'><strong>Vincla</strong></span> <span class='ocrx_word' id='word_1_144' title='bbox 304 1392 526 1432; x_wconf 85' lang='lat' dir='ltr'><strong>lacertorum</strong></span> <span class='ocrx_word' id='word_1_145' title='bbox 555 1395 625 1434; x_wconf 89' lang='lat' dir='ltr'><strong>sub</strong></span> <span class='ocrx_word' id='word_1_146' title='bbox 652 1396 835 1443; x_wconf 90' lang='lat' dir='ltr'><strong>mentum,</strong></span> <span class='ocrx_word' id='word_1_147' title='bbox 866 1397 903 1434; x_wconf 92' lang='lat' dir='ltr'><strong>et</strong></span> <span class='ocrx_word' id='word_1_148' title='bbox 929 1395 1101 1434; x_wconf 87' lang='lat' dir='ltr'><strong>faucibus</strong></span> <span class='ocrx_word' id='word_1_149' title='bbox 1129 1396 1223 1434; x_wconf 90' lang='lat' dir='ltr'><strong>artis</strong></span> 
     </span>
     <span class='ocr_line' id='line_1_25' title="bbox 142 1446 1153 1498; baseline 0.005 -15"><span class='ocrx_word' id='word_1_150' title='bbox 142 1446 375 1495; x_wconf 85' lang='lat' dir='ltr'><strong>Extorquent</strong></span> <span class='ocrx_word' id='word_1_151' title='bbox 402 1447 582 1495; x_wconf 88' lang='lat' dir='ltr'><strong>animam,</strong></span> <span class='ocrx_word' id='word_1_152' title='bbox 613 1448 717 1487; x_wconf 91' lang='lat' dir='ltr'><strong>nullo</strong></span> <span class='ocrx_word' id='word_1_153' title='bbox 745 1460 838 1497; x_wconf 90' lang='lat' dir='ltr'><strong>quae</strong></span> <span class='ocrx_word' id='word_1_154' title='bbox 866 1449 1017 1488; x_wconf 84' lang='lat' dir='ltr'><strong>vulnere</strong></span> <span class='ocrx_word' id='word_1_155' title='bbox 1044 1451 1153 1498; x_wconf 88' lang='lat' dir='ltr'><strong>rapta</strong></span> 
     </span>
     <span class='ocr_line' id='line_1_26' title="bbox 142 1498 1288 1552; baseline 0.005 -16"><span class='ocrx_word' id='word_1_156' title='bbox 142 1498 323 1547; x_wconf 87' lang='lat' dir='ltr'><strong>Palpitat,</strong></span> <span class='ocrx_word' id='word_1_157' title='bbox 344 1502 470 1548; x_wconf 87' lang='lat' dir='ltr'><strong>atque,</strong></span> <span class='ocrx_word' id='word_1_158' title='bbox 491 1502 596 1539; x_wconf 87' lang='lat' dir='ltr'><strong>aditu</strong></span> <span class='ocrx_word' id='word_1_159' title='bbox 614 1502 829 1550; x_wconf 83' lang='lat' dir='ltr'><strong>spiraminis</strong></span> <span class='ocrx_word' id='word_1_160' title='bbox 846 1502 1049 1551; x_wconf 89' lang='lat' dir='ltr'><strong>intercepto</strong></span> <span class='ocrx_word' id='word_1_161' title='bbox 1069 1503 1148 1552; x_wconf 88' lang='lat'><strong>(3),</strong></span> <span class='ocrx_word' id='word_1_162' title='bbox 1209 1504 1288 1541; x_wconf 87' lang='lat'><strong>595</strong></span> 
     </span>
     <span class='ocr_line' id='line_1_27' title="bbox 142 1552 1076 1602; baseline 0.006 -13"><span class='ocrx_word' id='word_1_163' title='bbox 142 1552 334 1591; x_wconf 85' lang='lat' dir='ltr'><strong>Inclusam</strong></span> <span class='ocrx_word' id='word_1_164' title='bbox 360 1554 502 1602; x_wconf 87' lang='lat' dir='ltr'><strong>patitur</strong></span> <span class='ocrx_word' id='word_1_165' title='bbox 529 1566 706 1593; x_wconf 83' lang='lat' dir='ltr'><strong>venarum</strong></span> <span class='ocrx_word' id='word_1_166' title='bbox 736 1567 879 1594; x_wconf 88' lang='lat' dir='ltr'><strong>carcere</strong></span> <span class='ocrx_word' id='word_1_167' title='bbox 906 1559 1076 1595; x_wconf 88' lang='lat' dir='ltr'><strong>mortem.</strong></span> 
     </span>
    </p>

    <p class='ocr_par' dir='ltr' id='par_1_12' title="bbox 140 1605 1136 1657">
     <span class='ocr_line' id='line_1_28' title="bbox 140 1605 1136 1657; baseline 0.005 -14"><span class='ocrx_word' id='word_1_168' title='bbox 140 1605 214 1643; x_wconf 88' lang='lat' dir='ltr'><strong>Illa</strong></span> <span class='ocrx_word' id='word_1_169' title='bbox 242 1606 441 1645; x_wconf 87' lang='lat' dir='ltr'><strong>reluctanti</strong></span> <span class='ocrx_word' id='word_1_170' title='bbox 469 1608 700 1657; x_wconf 87' lang='lat' dir='ltr'><strong>genibusque</strong></span> <span class='ocrx_word' id='word_1_171' title='bbox 727 1611 765 1647; x_wconf 90' lang='lat' dir='ltr'><strong>et</strong></span> <span class='ocrx_word' id='word_1_172' title='bbox 791 1609 957 1648; x_wconf 88' lang='lat' dir='ltr'><strong>calcibus</strong></span> <span class='ocrx_word' id='word_1_173' title='bbox 985 1610 1136 1648; x_wconf 89' lang='lat' dir='ltr'><strong>instans</strong></span> 
     </span>
    </p>
   </div>
   <div class='ocr_carea' id='block_1_6' title="bbox 140 1731 1288 1863">
    <p class='ocr_par' dir='ltr' id='par_1_13' title="bbox 140 1731 1288 1858">
     <span class='ocr_line' id='line_1_29' title="bbox 204 1731 1286 1773; baseline 0.003 -11"><span class='ocrx_word' id='word_1_174' title='bbox 204 1731 215 1763; x_wconf 73' lang='grc' dir='ltr'>ί</span> <span class='ocrx_word' id='word_1_175' title='bbox 221 1731 248 1770; x_wconf 93' lang='grc'><strong>1)</strong></span> <span class='ocrx_word' id='word_1_176' title='bbox 271 1732 443 1770; x_wconf 73' lang='lat' dir='ltr'><strong>Operatio.-</strong></span> <span class='ocrx_word' id='word_1_177' title='bbox 466 1733 589 1771; x_wconf 80' lang='lat' dir='ltr'><strong>proprie</strong></span> <span class='ocrx_word' id='word_1_178' title='bbox 611 1734 699 1764; x_wconf 83' lang='lat' dir='ltr'><strong>actus</strong></span> <span class='ocrx_word' id='word_1_179' title='bbox 720 1732 881 1772; x_wconf 76' lang='lat' dir='ltr'><strong>operandi,</strong></span> <span class='ocrx_word' id='word_1_180' title='bbox 904 1743 991 1773; x_wconf 85' lang='lat' dir='ltr'><strong>opus,</strong></span> <span class='ocrx_word' id='word_1_181' title='bbox 1016 1734 1116 1766; x_wconf 74' lang='lat' dir='ltr'><strong>labor.</strong></span> <span class='ocrx_word' id='word_1_182' title='bbox 1141 1735 1178 1765; x_wconf 89' lang='lat' dir='ltr'><strong>V.</strong></span> <span class='ocrx_word' id='word_1_183' title='bbox 1195 1734 1286 1767; x_wconf 64' lang='lat' dir='ltr'><strong>Pus.</strong></span> 
     </span>
     <span class='ocr_line' id='line_1_30' title="bbox 141 1772 1288 1817; baseline 0.005 -15"><span class='ocrx_word' id='word_1_184' title='bbox 141 1772 220 1802; x_wconf 68' lang='lat' dir='ltr'><strong>Mn.</strong></span> <span class='ocrx_word' id='word_1_185' title='bbox 242 1772 283 1803; x_wconf 88' lang='grc' dir='ltr'><strong>Η.</strong></span> <span class='ocrx_word' id='word_1_186' title='bbox 308 1773 347 1806; x_wconf 87' lang='lat' dir='ltr'><strong>N.</strong></span> <span class='ocrx_word' id='word_1_187' title='bbox 364 1773 421 1810; x_wconf 85' lang='lat' dir='ltr'><strong>XI,</strong></span> <span class='ocrx_word' id='word_1_188' title='bbox 448 1775 499 1811; x_wconf 91' lang='lat'><strong>18,</strong></span> <span class='ocrx_word' id='word_1_189' title='bbox 518 1776 569 1806; x_wconf 88' lang='grc'><strong>19.</strong></span> <span class='ocrx_word' id='word_1_190' title='bbox 592 1775 651 1806; x_wconf 87' lang='lat' dir='ltr'><strong>Sed</strong></span> <span class='ocrx_word' id='word_1_191' title='bbox 666 1777 833 1817; x_wconf 54' lang='lat' dir='ltr'><strong>scriptores</strong></span> <span class='ocrx_word' id='word_1_192' title='bbox 847 1777 1055 1808; x_wconf 82' lang='lat' dir='ltr'><strong>ecclesiastici</strong></span> <span class='ocrx_word' id='word_1_193' title='bbox 1071 1776 1168 1807; x_wconf 79' lang='lat' dir='ltr'><strong>talem</strong></span> <span class='ocrx_word' id='word_1_194' title='bbox 1182 1785 1288 1808; x_wconf 84' lang='lat' dir='ltr'><strong>vocem</strong></span> 
     </span>
     <span class='ocr_line' id='line_1_31' title="bbox 140 1815 1288 1863; baseline 0.004 -20"><span class='ocrx_word' id='word_1_195' title='bbox 140 1815 294 1863; x_wconf 77' lang='lat' dir='ltr'><strong>usurpant</strong></span> <span class='ocrx_word' id='word_1_196' title='bbox 315 1816 355 1846; x_wconf 82' lang='lat' dir='ltr'><strong>ad</strong></span> <span class='ocrx_word' id='word_1_197' title='bbox 371 1824 448 1854; x_wconf 87' lang='lat' dir='ltr'><strong>opus</strong></span> <span class='ocrx_word' id='word_1_198' title='bbox 467 1817 675 1848; x_wconf 82' lang='lat' dir='ltr'><strong>denotandum</strong></span> <span class='ocrx_word' id='word_1_199' title='bbox 694 1818 939 1856; x_wconf 84' lang='lat' dir='ltr'><strong>misericordiae,</strong></span> <span class='ocrx_word' id='word_1_200' title='bbox 956 1820 988 1849; x_wconf 87' lang='lat' dir='ltr'><strong>in</strong></span> <span class='ocrx_word' id='word_1_201' title='bbox 1006 1819 1112 1858; x_wconf 86' lang='lat' dir='ltr'><strong>inopes</strong></span> <span class='ocrx_word' id='word_1_202' title='bbox 1122 1819 1288 1856; x_wconf 86' lang='lat' dir='ltr'><strong>benignum</strong></span> 
     </span>
    </p>
   </div>
   <div class='ocr_carea' id='block_1_7' title="bbox 139 1856 1289 2158">
    <p class='ocr_par' dir='ltr' id='par_1_14' title="bbox 140 1856 1289 1936">
     <span class='ocr_line' id='line_1_32' title="bbox 140 1856 1289 1900; baseline 0.004 -14"><span class='ocrx_word' id='word_1_203' title='bbox 140 1856 280 1886; x_wconf 82' lang='lat' dir='ltr'><strong>animum</strong></span> <span class='ocrx_word' id='word_1_204' title='bbox 301 1860 334 1887; x_wconf 82' lang='lat' dir='ltr'><strong>et</strong></span> <span class='ocrx_word' id='word_1_205' title='bbox 353 1857 519 1896; x_wconf 85' lang='lat' dir='ltr'><strong>prolixum.</strong></span> <span class='ocrx_word' id='word_1_206' title='bbox 542 1859 644 1896; x_wconf 81' lang='lat' dir='ltr'><strong>Igitur</strong></span> <span class='ocrx_word' id='word_1_207' title='bbox 664 1861 820 1892; x_wconf 72' lang='lat' dir='ltr'><strong>avaritiae</strong></span> <span class='ocrx_word' id='word_1_208' title='bbox 830 1858 1007 1892; x_wconf 81' lang='lat' dir='ltr'><strong>1st1usmod1</strong></span> <span class='ocrx_word' id='word_1_209' title='bbox 1016 1861 1156 1900; x_wconf 77' lang='lat' dir='ltr'><strong>operatio</strong></span> <span class='ocrx_word' id='word_1_210' title='bbox 1178 1869 1289 1898; x_wconf 77' lang='lat' dir='ltr'><strong>magno</strong></span> 
     </span>
     <span class='ocr_line' id='line_1_33' title="bbox 141 1898 460 1936; baseline 0.01 -9"><span class='ocrx_word' id='word_1_211' title='bbox 141 1906 230 1936; x_wconf 83' lang='lat' dir='ltr'><strong>opere</strong></span> <span class='ocrx_word' id='word_1_212' title='bbox 251 1898 381 1930; x_wconf 75' lang='lat' dir='ltr'><strong>inimica</strong></span> <span class='ocrx_word' id='word_1_213' title='bbox 401 1900 460 1932; x_wconf 80' lang='lat' dir='ltr'><strong>est.</strong></span> 
     </span>
    </p>

    <p class='ocr_par' dir='ltr' id='par_1_15' title="bbox 139 1940 1288 2107">
     <span class='ocr_line' id='line_1_34' title="bbox 205 1940 1288 1982; baseline 0.003 -12"><span class='ocrx_word' id='word_1_214' title='bbox 205 1940 251 1979; x_wconf 82' lang='lat'><strong>(2)</strong></span> <span class='ocrx_word' id='word_1_215' title='bbox 277 1941 373 1972; x_wconf 77' lang='lat' dir='ltr'><strong>Certa</strong></span> <span class='ocrx_word' id='word_1_216' title='bbox 395 1942 493 1972; x_wconf 71' lang='lat' dir='ltr'><strong>mori.</strong></span> <span class='ocrx_word' id='word_1_217' title='bbox 515 1942 544 1972; x_wconf 79' lang='lat' dir='ltr'>A</span> <span class='ocrx_word' id='word_1_218' title='bbox 564 1951 654 1974; x_wconf 87' lang='lat' dir='ltr'><strong>cerno</strong></span> <span class='ocrx_word' id='word_1_219' title='bbox 674 1945 724 1974; x_wconf 60' lang='lat' dir='ltr'><strong>eet</strong></span> <span class='ocrx_word' id='word_1_220' title='bbox 744 1945 848 1974; x_wconf 86' lang='lat' dir='ltr'><strong>certus</strong></span> <span class='ocrx_word' id='word_1_221' title='bbox 869 1943 923 1982; x_wconf 87' lang='lat' dir='ltr'><strong>qui</strong></span> <span class='ocrx_word' id='word_1_222' title='bbox 944 1942 1083 1975; x_wconf 85' lang='lat' dir='ltr'><strong>decrevit</strong></span> <span class='ocrx_word' id='word_1_223' title='bbox 1105 1944 1181 1981; x_wconf 79' lang='lat' dir='ltr'><strong>iam,</strong></span> <span class='ocrx_word' id='word_1_224' title='bbox 1197 1943 1288 1974; x_wconf 89' lang='lat' dir='ltr'><strong>mini-</strong></span> 
     </span>
     <span class='ocr_line' id='line_1_35' title="bbox 140 1983 1288 2029; baseline 0.004 -18"><span class='ocrx_word' id='word_1_225' title='bbox 140 1989 249 2019; x_wconf 87' lang='lat' dir='ltr'><strong>meque</strong></span> <span class='ocrx_word' id='word_1_226' title='bbox 264 1983 297 2012; x_wconf 84' lang='grc'><strong>111</strong></span> <span class='ocrx_word' id='word_1_227' title='bbox 319 1992 351 2013; x_wconf 86' lang='lat' dir='ltr'><strong>re</strong></span> <span class='ocrx_word' id='word_1_228' title='bbox 372 1984 548 2021; x_wconf 79' lang='lat' dir='ltr'><strong>peragenda</strong></span> <span class='ocrx_word' id='word_1_229' title='bbox 569 1984 690 2016; x_wconf 80' lang='lat' dir='ltr'><strong>haeret.</strong></span> <span class='ocrx_word' id='word_1_230' title='bbox 714 1986 795 2029; x_wconf 81' lang='lat' dir='ltr'><strong>Hinc</strong></span> <span class='ocrx_word' id='word_1_231' title='bbox 817 1986 915 2016; x_wconf 85' lang='lat' dir='ltr'><strong>dictio</strong></span> <span class='ocrx_word' id='word_1_232' title='bbox 929 1985 1006 2016; x_wconf 83' lang='lat' dir='ltr'><strong>illa·</strong></span> <span class='ocrx_word' id='word_1_233' title='bbox 1024 1997 1042 2014; x_wconf 66' lang='lat'><strong>0&lt;</strong></span> <span class='ocrx_word' id='word_1_234' title='bbox 1058 1988 1178 2016; x_wconf 77' lang='lat' dir='ltr'><strong>certum</strong></span> <span class='ocrx_word' id='word_1_235' title='bbox 1193 1985 1288 2021; x_wconf 84' lang='lat' dir='ltr'><strong>obsti·</strong></span> 
     </span>
     <span class='ocr_line' id='line_1_36' title="bbox 141 2024 1288 2066; baseline 0.004 -14"><span class='ocrx_word' id='word_1_236' title='bbox 141 2026 324 2062; x_wconf 78' lang='lat' dir='ltr'><strong>natumque,</strong></span> <span class='ocrx_word' id='word_1_237' title='bbox 346 2024 395 2055; x_wconf 79' lang='lat' dir='ltr'><strong>vel</strong></span> <span class='ocrx_word' id='word_1_238' title='bbox 425 2025 631 2057; x_wconf 77' lang='lat' dir='ltr'><strong>deliberatum</strong></span> <span class='ocrx_word' id='word_1_239' title='bbox 651 2028 700 2058; x_wconf 65' lang='lat' dir='ltr'><strong>est</strong></span> <span class='ocrx_word' id='word_1_240' title='bbox 723 2038 753 2064; x_wconf 85' lang='lat'><strong>»‚</strong></span> <span class='ocrx_word' id='word_1_241' title='bbox 777 2037 847 2059; x_wconf 88' lang='lat' dir='ltr'><strong>cum</strong></span> <span class='ocrx_word' id='word_1_242' title='bbox 874 2028 967 2058; x_wconf 84' lang='lat' dir='ltr'><strong>verbo</strong></span> <span class='ocrx_word' id='word_1_243' title='bbox 994 2027 1113 2058; x_wconf 84' lang='lat' dir='ltr'><strong>infiniti</strong></span> <span class='ocrx_word' id='word_1_244' title='bbox 1127 2028 1288 2066; x_wconf 79' lang='lat' dir='ltr'><strong>temporis.</strong></span> 
     </span>
     <span class='ocr_line' id='line_1_37' title="bbox 139 2064 1078 2107; baseline 0.005 -13"><span class='ocrx_word' id='word_1_245' title='bbox 139 2064 202 2095; x_wconf 83' lang='lat' dir='ltr'><strong>Nos</strong></span> <span class='ocrx_word' id='word_1_246' title='bbox 223 2065 317 2096; x_wconf 76' lang='lat' dir='ltr'><strong>Itali:</strong></span> <span class='ocrx_word' id='word_1_247' title='bbox 342 2066 382 2096; x_wconf 78' lang='lat' dir='ltr'><strong>ho</strong></span> <span class='ocrx_word' id='word_1_248' title='bbox 404 2067 554 2104; x_wconf 72' lang='lat' dir='ltr'><strong>rieoluto,</strong></span> <span class='ocrx_word' id='word_1_249' title='bbox 577 2068 618 2098; x_wconf 77' lang='lat' dir='ltr'><strong>ho</strong></span> <span class='ocrx_word' id='word_1_250' title='bbox 640 2069 692 2107; x_wconf 76' lang='lat' dir='ltr'><strong>fer</strong></span> <span class='ocrx_word' id='word_1_251' title='bbox 692 2079 754 2104; x_wconf 79' lang='lat' dir='ltr'><strong>mo,</strong></span> <span class='ocrx_word' id='word_1_252' title='bbox 778 2069 995 2100; x_wconf 75' lang='lat' dir='ltr'><strong>determinato</strong></span> <span class='ocrx_word' id='word_1_253' title='bbox 1017 2070 1078 2101; x_wconf 71' lang='grc' dir='ltr'><strong>(ἶς’.</strong></span> 
     </span>
    </p>

    <p class='ocr_par' dir='ltr' id='par_1_16' title="bbox 205 2106 751 2158">
     <span class='ocr_line' id='line_1_38' title="bbox 205 2106 751 2158; baseline 0.009 -21"><span class='ocrx_word' id='word_1_254' title='bbox 205 2106 251 2146; x_wconf 84' lang='lat'><strong>(3)</strong></span> <span class='ocrx_word' id='word_1_255' title='bbox 274 2108 429 2147; x_wconf 77' lang='lat' dir='ltr'><strong>Palpitat</strong></span> <span class='ocrx_word' id='word_1_256' title='bbox 450 2111 512 2140; x_wconf 83' lang='lat' dir='ltr'><strong>etc.</strong></span> <span class='ocrx_word' id='word_1_257' title='bbox 535 2118 617 2142; x_wconf 84' lang='lat' dir='ltr'><strong>vers.</strong></span> <span class='ocrx_word' id='word_1_258' title='bbox 615 2107 751 2158; x_wconf 79' lang='lat' dir='ltr'><strong>spond.</strong></span> 
     </span>
    </p>
   </div>
  </div>
 </body>
</html>
