1566 2482
655 150 876 218 mmoffls
1053 216 1059 221 ,
1283 176 1333 221 53

193 303 329 342 Solvite
355 302 431 342 iam
455 302 576 342 laetae
601 303 805 343 redolentia
830 305 957 344 vincla
986 305 1046 356 (1)
1067 317 1223 359 sorores,

191 357 298 396 Solus
326 357 414 396 odor
440 357 562 405 sparsi
589 357 776 406 spiramen
804 359 982 398 aromatis
1009 359 1124 409 efflat,

190 411 272 450 Nec
298 411 342 449 de
370 422 540 460 corporeo
568 411 733 451 nidorem
760 412 910 452 sordida
936 414 1025 453 tabo

188 465 294 503 Aura
319 464 446 512 refert,
476 465 602 504 oculos
630 466 736 504 sanie
763 466 932 506 stillante
959 468 1100 507 solutos
1254 471 1330 510 760

188 518 376 557 Pristinus
402 518 444 557 in
471 519 661 568 speculum
689 519 796 558 decor
814 521 965 569 excitat,
987 523 1034 572 et,
1050 522 1278 570 putrefactas

187 572 320 611 Tincta
346 572 478 611 rubore
505 584 622 622 genas
648 573 846 621 paullatim
871 586 1037 623 purpura
1063 576 1188 615 vestit.

186 625 276 672 Quis
303 626 424 675 potuit
450 626 576 665 fluidis
604 627 769 666 animam
797 629 1006 667 suffundere
1033 631 1235 669 membris?

185 679 374 719 Nimirum
401 680 466 728 qui
491 679 655 720 membra
683 681 806 728 dedit3
837 682 902 730 qui
929 683 1056 722 fictilis
1083 684 1193 723 ulvae
1223 686 1281 734 (2)

185 733 364 772 Perflavit
388 745 522 772 venam
547 735 758 782 madidam
789 735 850 774 cui
879 736 1005 774 tabida
1031 737 1142 786 gleba
1251 740 1272 778 7
1276 740 1326 778 65

184 787 313 825 Traxit
339 788 564 836 sanguineos
590 789 729 828 infecto
754 790 905 828 humore
936 790 1090 831 colores.
1300 821 1302 823 -

137 867 139 869 ψ
184 841 216 879 Ο
243 852 358 889 mors,
388 841 522 880 auritis
548 842 624 880 iam
650 843 753 881 mitis
780 843 955 892 legibus?
982 843 1046 894 (3)
1076 856 1097 884 0
1124 857 1223 885 mors

181 894 300 933 Surda
326 895 444 943 prius,
474 895 551 933 iam
577 897 686 935 docta
714 897 819 945 sequi
845 908 1074 947 quocumque
1105 899 1276 949 iubetur,-

182 948 250 986 Cui
269 949 427 998 ‚tantum
454 949 498 987 de
526 950 563 989 te
589 950 725 988 licuit?
752 950 923 989 convicta
950 951 1066 991 fatere

179 1002 272 1040 Esse
291 1003 426 1050 Deum,
446 1002 548 1042 solus
563 1003 628 1052 qui
646 1015 703 1042 me
722 1003 792 1042 tibi
818 1005 1012 1053 praeripit,
1033 1006 1174 1048 Iesum.
1247 1009 1269 1047 7
1275 1010 1322 1048 70

178 1056 284 1094 Abde
312 1058 507 1105 negatores
535 1057 698 1096 Christi:
729 1069 836 1096 nemo
863 1059 1020 1107 invidet,
1050 1061 1165 1102 abde:

178 1109 290 1148 Utere
317 1111 415 1149 sorte
442 1111 523 1148 tua.
553 1111 790 1160 Blasphemis
817 1114 924 1151 nocte
951 1114 1124 1155 tenendis

176 1163 374 1211 Perpetua,
403 1164 548 1212 plebem
574 1164 756 1204 iustorum
783 1167 894 1215 capta
923 1166 983 1217 (4)
1003 1168 1170 1208 resolve:

176 1216 247 1263 Qui
264 1219 404 1256 norunt
421 1218 622 1267 hominem,
643 1221 754 1268 atque
774 1220 893 1258 Deum
911 1221 965 1259 sic
979 1221 1098 1260 dicere
1114 1222 1318 1271 Christum,

175 1270 227 1308 Ut
252 1282 376 1319 verus,
406 1283 645 1321 summusque
672 1274 773 1312 Deus
799 1274 973 1313 mortalia
999 1277 1132 1324 gestet.
1243 1279 1265 1316 7
1271 1279 1319 1318 75

173 1324 261 1372 Ipse
287 1324 399 1374 gerit,
430 1326 528 1375 quod
554 1326 690 1365 struxit
715 1338 823 1376 opus,
853 1340 923 1367 nec
950 1328 1044 1368 ferre
1069 1330 1241 1378 pudescit

173 1377 320 1426 Factor,
338 1379 434 1428 quod
452 1380 608 1428 peperit:
629 1391 763 1430 corpus
776 1381 920 1431 loquor,
939 1383 1050 1432 atque
1063 1384 1210 1423 animae
1224 1385 1314 1424 vim.

171 1431 349 1471 Finxerat
374 1433 445 1472 hoo
471 1434 617 1483 dig-itis,
647 1435 812 1474 animam
839 1435 1053 1477 sufflaverat
1079 1449 1154 1478 ore.

148 1494 152 1514 =
170 1484 304 1524 Totum
322 1486 509 1530 hominem
527 1489 626 1531 Deus
645 1489 822 1538 adsumit,
845 1490 932 1539 quia
950 1492 1052 1530 totus
1075 1492 1123 1531 ab
1141 1492 1314 1543 ipsoest,
1362 1546 1365 1548 Ι

212 1627 260 1668 (1)
293 1629 473 1660 redolentia
504 1631 624 1663 vincla.
654 1631 692 1662 V.
718 1628 871 1680 Καθημ,
887 1626 926 1670 V,
942 1634 1000 1671 503
1018 1633 1052 1665 et
1066 1634 1219 1673 Avcvs'r.;
1237 1636 1314 1668 item

169 1675 309 1708 Caum.
332 1677 479 1710 Dtseert,
504 1678 554 1708 Do
574 1678 736 1711 Funerib.
759 1681 939 1712 Hebraeor.

210 1717 261 1758 (2)
283 1719 399 1755 fictilis
428 1720 533 1752 ulvae.
562 1720 644 1752 Ulva
670 1721 768 1752 herba
794 1722 959 1761 palustris.
988 1723 1048 1754 Hic
1075 1732 1133 1764 pro
1161 1724 1236 1756 limo
1259 1726 1312 1764 qui

166 1760 302 1798 palustri
324 1761 439 1792 herbae
461 1762 602 1799 adiacet;
626 1770 686 1800 quo
708 1772 748 1794 ex
768 1763 843 1795 limo
865 1765 956 1795 homo
978 1767 1028 1796 est
1049 1765 1165 1797 factus.

210 1801 255 1842 (3)
277 1803 403 1834 auritis
423 1803 493 1834 iam
514 1805 608 1834 micis
629 1805 766 1843 zeyibus.
790 1806 932 1838 G1ssnm.
950 1807 1068 1845 aliique
1090 1809 1235 1839 auditis.
1253 1809 1312 1840 Sed

165 1843 319 1875 Hmsrvs
333 1846 461 1876 auritis
475 1846 623 1884 retinuit,
645 1847 807 1879 Vaticanis
828 1849 972 1880 omuibus
986 1850 1210 1889 adstipulatus,
1228 1852 1314 1882 inter

165 1894 243 1924 quos
262 1886 323 1927 duo
343 1887 512 1919 lectionem
532 1888 567 1919 in
587 1888 670 1919 hune
692 1890 816 1921 modum
849 1891 1101 1930 interpretantur
1117 1901 1127 1924 ε
1164 1904 1181 1922 κ
1209 1893 1309 1924 Nemo

164 1928 239 1959 ante
259 1927 419 1960 Christum
432 1929 500 1961 eius
514 1939 621 1961 vocem
636 1932 841 1969 exaudiebm
866 1937 935 1972 post
956 1933 1024 1964 eius
1049 1933 1218 1965 adventum
1244 1944 1310 1966 om-

163 1977 219 2000 nes
239 1969 287 2000 illi
309 1970 395 2002 dicto
412 1972 576 2003 audientes
590 1971 731 2005 fuerunt.
751 1985 769 2002 »
791 1974 838 2005 Re
852 1976 935 2005 enim
950 1984 1023 2006 vera
1037 1976 1149 2006 auriti
1162 1978 1238 2007 sunt
1254 1978 1308 2015 qui

162 2010 288 2050 patulas
314 2020 422 2050 aures,
451 2014 661 2053 audiendique
688 2016 869 2055 ampliorem
897 2026 1022 2048 sensum
1048 2018 1198 2049 retinent.
1226 2019 1310 2053 Hinc

162 2053 264 2085 auriti
278 2053 400 2094 lepores
421 2056 504 2095 apud
517 2056 631 2095 virgil.
649 2057 772 2097 (Georg.
791 2059 822 2096 1,
838 2059 913 2099 308)
928 2069 936 2095 ;
954 2060 1231 2099 auritosquereus
1247 2061 1308 2091 Ho-

161 2095 264 2126 ratius
278 2097 328 2127 ait
341 2096 454 2136 fuisse,
475 2107 554 2136 quae
575 2099 690 2138 Orphei
711 2101 807 2131 cantu
827 2103 1038 2133 moverentur.
1055 2102 1173 2143 (Lyric.
1192 2103 1224 2142 1,
1242 2103 1307 2144 12).

204 2136 251 2178 (4)
272 2141 380 2181 capta.
403 2139 432 2171 A
454 2139 577 2172 Christo
599 2141 734 2181 devicta,
758 2142 911 2180 delenita.
1222 2159 1226 2162 ·
