1566 2482
227 0 230 4 ’
245 0 538 34 “*’Ψ”Ἓῖᾟ”
569 1 626 28 -“’·-
676 5 817 35 *ξι
828 2 839 10 ”
870 9 888 27 ;-·
915 24 917 27 .
986 8 992 19 ³

340 44 342 48 ,
396 32 407 38 ⁴
426 28 448 43 ”·
463 27 466 31 ’
498 26 516 32 ‘¹
568 27 570 29 ¹
714 31 719 39 ¹
779 27 789 53 ς’
855 34 860 42 ι
967 29 970 31 “

271 185 321 224 50
650 194 804 223 Avitum
831 193 1038 229 annnmn

267 308 337 348 Sed
363 308 442 347 vice
471 308 650 347 distincta
675 307 802 357 largos
828 307 933 346 lacus
961 306 1095 357 accipit
1121 306 1294 346 haustus.

268 362 434 411 Agmina
459 362 706 411 languentum
733 361 869 400 sitiunt
896 372 998 409 spem
1024 359 1140 400 fontis
1168 361 1287 409 avari,

268 417 515 454 Membrorum
541 415 708 454 maculas
735 425 827 463 puro
854 413 1029 453 ablutura
1054 415 1202 453 natatu.

269 469 446 508 Certatim
471 469 613 508 interea
639 468 782 507 roranti
807 466 957 520 pumice
979 479 1112 507 raucas
1332 468 1409 507 685

268 524 496 571 Exspectant
523 523 725 569 scatebras,
756 523 793 560 et
820 521 916 560 sicco
943 522 1111 571 margine
1139 521 1317 570 pendent.

268 577 350 614 Hoc
375 577 507 615 limum
533 577 636 614 iubet
662 575 876 624 impositum
905 575 948 613 de
975 575 1076 614 fonte
1102 575 1224 613 lavari

269 630 454 678 Christus,
485 631 522 668 et
548 629 675 674 infusa
702 629 848 668 vultum
876 629 1130 676 splendescere
1157 628 1254 667 luce.

268 684 389 722 Norat
415 683 514 722 enim
540 683 630 722 limo
656 695 735 722 sese
762 682 982 721 informasse
1009 682 1170 730 figuram

267 737 366 775 Ante
392 738 640 784 tenebrosam,
661 736 801 784 proprii
828 736 1056 775 medicamen
1084 737 1121 774 et
1148 735 1223 774 oris
1330 737 1408 776 690

267 790 458 829 Adiecisse
485 802 595 838 novo,
627 801 736 838 quem
763 789 923 837 primum
950 789 1123 836 finxerat,
1153 789 1272 827 Adae.

267 844 367 881 Nam
395 844 475 882 sine
503 843 628 881 divino
657 842 807 881 Domini
834 842 1050 891 perflamine
1078 842 1213 881 summi

266 897 385 935 Arida
411 899 510 935 terra
537 897 623 935 fuit.
655 896 773 946 Nulli,
789 896 891 944 prius
918 897 1008 944 apta
1034 895 1217 935 medelae:

266 950 336 988 Sed
363 951 560 998 postquam
586 950 752 998 liquidus
780 949 933 988 caelesti
958 948 1117 997 Spiritus
1143 961 1203 988 ore

265 1003 484 1052 Virgineam
503 1003 678 1051 respersit
693 1003 860 1050 humum,
881 1001 1112 1042 medicabilis
1129 1002 1197 1041 illa
1215 1003 1285 1041 est.
1329 1003 1405 1042 695

264 1057 359 1095 Inde
386 1057 505 1095 trahit
531 1068 696 1104 succum,
725 1056 898 1105 lentoque
926 1056 1077 1095 humore
1105 1056 1264 1094 salutem

264 1110 413 1158 Inlinit,
444 1110 680 1159 infunditque
707 1110 804 1148 diem
829 1109 1052 1158 baptismate
1078 1109 1156 1148 lota
1176 1109 1251 1160 (1).

266 1164 404 1202 Caecus
431 1165 551 1211 adest,
582 1163 700 1202 oculis
725 1163 801 1202 iam
829 1162 967 1202 Christi
994 1175 1038 1201 ex
1066 1174 1125 1202 ore
1151 1162 1314 1211 retectis,

202 1248 205 1249 ν
264 1218 379 1265 Seque
405 1217 483 1256 luto
511 1219 549 1256 et
575 1217 707 1256 nitidis
733 1217 853 1256 lucem
880 1216 1057 1255 sumsisse
1084 1216 1235 1256 fluentis

265 1271 427 1319 Clamat,
447 1273 485 1310 et
511 1272 696 1310 auctorem
725 1270 785 1321 (2)
814 1270 1022 1319 stupefacta
1047 1282 1113 1318 per
1139 1270 1274 1375 fpffidta
1300 1280 1403 1363 mJogid

1163 1336 1183 1362 s
1198 1336 1240 1362 ra
1271 1339 1279 1362 ε

263 1378 460 1416 Auctorem
486 1378 596 1425 lucis,
624 1378 909 1427 largitoremque
938 1377 1091 1424 dierum,

263 1431 350 1469 Non
379 1431 619 1481 dedignatum
645 1432 806 1470 medicae
833 1443 1038 1480 purgamen
1065 1431 1176 1480 aquei
1196 1430 1255 1481 (3)

255 1537 423 1576 piscinam
455 1546 524 1568 eam
556 1536 741 1568 confundere
762 1537 898 1574 videtur,
923 1545 1000 1574 quae
1023 1536 1199 1576 probatica
1227 1537 1402 1576 dicebatur,

261 1588 331 1610 cum
353 1580 538 1611 Natatoria:
557 1587 744 1617 quamquam
764 1579 913 1609 nonnulla
934 1580 982 1609 est
1002 1579 1106 1617 opinio
1131 1580 1238 1610 ambas
1258 1580 1399 1618 piscinas

262 1630 375 1658 aquam
391 1629 407 1651 e
422 1621 508 1652 sonte
536 1620 618 1651 Siloe
646 1622 797 1658 originem
825 1620 978 1651 derivare.
1001 1620 1085 1652 Duas
1111 1629 1223 1659 nempe
1249 1621 1400 1659 piscinas.

261 1663 475 1693 Natatoriam
502 1662 623 1700 (Ioann.
651 1663 709 1702 IX)
733 1664 839 1694 noster
860 1671 930 1693 cum
947 1662 1120 1702 probatica
1143 1662 1285 1702 (loamv)
1307 1661 1400 1695 facile

261 1705 456 1743 permiscuit.
479 1704 523 1735 De
545 1704 602 1734 hac
632 1705 714 1735 mira
734 1705 854 1743 piscina
875 1704 938 1736 Cfr.
961 1704 1084 1735 Dinom
1110 1713 1196 1744 opus,
1219 1712 1313 1744 supra
1337 1713 1400 1736 me-

261 1748 430 1781 moratum,
454 1746 535 1783 quod
550 1745 658 1777 italice
680 1746 836 1777 redditum
863 1747 912 1776 est
940 1754 1009 1777 cum
1031 1746 1089 1777 hoc
1115 1746 1226 1777 titulo:
1258 1746 1334 1777 Vita
1361 1746 1400 1777 ds·

263 1787 361 1819 Gesv).
377 1787 415 1819 V.
431 1788 620 1827 Appendice
643 1787 678 1819 Ε.

307 1829 353 1868 (1)
379 1829 597 1868 Infunditque
625 1829 712 1859 diem
740 1829 935 1868 baptismate
964 1829 1042 1861 lota.
1065 1829 1167 1867 Diem,
1189 1828 1259 1862 scil.
1282 1828 1398 1860 lumen.

261 1871 387 1901 Etenim
409 1879 504 1909 penes
528 1871 716 1901 vetustiores
744 1871 900 1902 Ecclesiae
926 1870 1037 1901 Patres
1058 1871 1256 1909 Baptismus
1284 1870 1400 1902 Sacra·
1466 1871 1469 1874 ⁴

262 1915 400 1943 mentum
430 1911 647 1951 appeuabatur
674 1911 935 1942 illuminationis
952 1935 960 1951 ,
990 1913 1024 1942 et
1049 1911 1178 1951 proinde
1204 1912 1399 1951 baptisteria

244 1953 474 2000 ’φωτιστὴρια
486 1963 497 1997 ;
530 1954 624 1991 amne
651 1954 841 1985 salutaribus
868 1954 957 1991 aquis
984 1954 1047 1985 rite
1075 1954 1176 1984 abluti
1202 1954 1396 1986 illuminati.

262 2002 299 2032 V.
324 2001 356 2042 S,
380 2002 478 2032 PAvL.
503 2001 543 2031 ad
564 2001 662 2032 Hebr.
685 2001 741 2040 VI,
763 2002 863 2041 4,1o‚
886 2001 938 2033 32.

305 2043 351 2083 (2)
373 2046 539 2074 auctorem
563 2054 580 2072 οι
603 2043 762 2075 Christum
785 2054 802 2072 »
827 2043 899 2075 Vet.
922 2043 1044 2074 Giossa.

319 2085 351 2124 3)
383 2093 569 2124 purgamen
613 2086 728 2124 aquai.
769 2085 933 2116 Genitivus
967 2085 1000 2115 et
1032 2085 1159 2116 dativus
1188 2085 1292 2126 aquai
1323 2085 1399 2116 sunt
1448 2087 1451 2090 ⁴

262 2126 430 2158 archaismi
446 2150 453 2164 ‚
492 2135 567 2164 quos
611 2127 783 2158 chnmlvs
826 2127 926 2158 CARvs
966 2127 1184 2167 Vmemvsque
1213 2125 1396 2167 praesertim
