1566 2482
287 206 364 244 130
661 215 814 243 Avnnnn
841 215 1042 242 Pavonum

281 323 431 362 Grande
459 334 523 371 per
551 322 720 361 infirmos
748 321 863 369 caput
889 320 1060 359 excisura
1087 321 1296 370 ministros,

283 376 478 425 Numquid
506 377 543 414 et
570 376 734 414 intactae
761 375 846 423 post
872 375 1021 422 partum
1049 375 1219 424 Virginis
1237 377 1356 416 ullum
1383 378 1433 417 70

284 431 358 468 Fas
385 430 456 468 tibi
484 429 559 468 iam
588 429 786 478 superest?
814 429 899 476 post
927 429 1075 476 partum
1090 427 1278 479 Virginis,
1298 443 1343 470 ex
1361 443 1434 480 quo

283 483 459 531 Corporis
486 483 642 522 humani
670 483 845 521 naturam
871 482 1033 529 pristina
1061 482 1165 532 origo

285 537 473 583 Deseruit,
503 548 724 585 carnemque
753 547 889 574 novam
916 536 979 574 via
1006 536 1124 575 ardua
1152 536 1263 584 sevit,

283 592 407 639 Atque
436 591 595 638 innupta
623 591 741 629 Deum
770 589 939 637 concepit
966 589 1106 628 femina
1135 590 1340 638 Christum,

282 644 434 683 Mortali
453 645 496 682 de
513 646 628 683 matre
642 643 701 693 (1)
715 644 916 690 hominem,
935 643 999 682 sed
1013 655 1098 682 cum
1114 644 1226 683 Patre
1245 656 1399 684 numen.

281 752 376 790 Inde
405 751 526 790 omnis
554 751 627 789 iam
658 750 746 789 diva
773 762 858 788 caro
887 751 943 788 est
971 762 1064 798 quae
1094 750 1259 799 concipit
1287 697 1393 791 illur[n

281 806 540 853 Naturamque
568 804 638 843 Dei
665 804 830 843 consorti
858 804 1000 842 foedere
1029 803 1166 842 sumit:

282 859 447 898 Verbum
474 857 609 907 quippe
637 869 723 896 caro
751 857 907 904 factum,
938 868 1014 895 non
1042 857 1187 896 destitit
1213 869 1310 905 esse,

281 912 386 958 Quod
414 911 551 958 fuerat,
583 912 759 958 Verbum,
790 911 914 950 carnis
943 911 1032 949 dum
1058 911 1225 960 glutinat
1242 923 1367 959 usum,

281 966 479 1004 Maiestate
507 966 657 1014 quidem
684 977 759 1004 non
788 966 1037 1013 degenerante
1063 976 1129 1014 per
1156 977 1265 1003 usum
1378 967 1429 1005 80

282 1019 431 1065 Carnis,
463 1020 526 1057 sed
555 1019 709 1058 miseros
737 1019 785 1056 ad
813 1018 994 1057 nobiliora
1021 1019 1205 1056 trahente.

281 1073 353 1111 Ille
381 1075 509 1111 manet
537 1074 634 1121 quod
662 1084 806 1120 semper
833 1073 927 1119 erat,
958 1072 1056 1120 quod
1084 1083 1159 1111 non
1187 1073 1282 1118 erat,
1311 1084 1392 1111 esse

280 1126 494 1174 Incipiens;
527 1138 606 1173 nos,
625 1126 722 1174 quod
750 1125 904 1172 fuimus,
935 1125 1011 1163 iam
1039 1136 1115 1164 non
1143 1136 1287 1172 sumus,
1325 1126 1427 1165 aucti
1453 1164 1456 1168 ,

282 1180 483 1219 Nascendo
512 1180 549 1217 in
579 1179 731 1218 melius:
762 1179 854 1217 mihi
882 1178 1054 1226 contulit,
1085 1180 1123 1217 et
1151 1178 1223 1217 sibi
1250 1179 1403 1218 mansit.

282 1234 363 1272 Nec
391 1234 492 1271 Deus
520 1245 563 1270 ex
591 1233 730 1271 nostris
758 1232 895 1271 minuit
924 1243 1005 1279 sua,
1036 1232 1100 1270 sed
1127 1243 1196 1270 sua
1215 1232 1356 1272 nostris
1376 1234 1425 1271 85

281 1288 380 1325 Dum
407 1286 554 1333 tribuit,
585 1288 730 1325 nosmet
757 1287 855 1325 dona
883 1287 931 1324 ad
958 1285 1135 1324 caelestia
1164 1286 1276 1325 vexit.

283 1341 391 1379 Dona
419 1340 510 1378 haec
538 1341 640 1387 sunt,
672 1341 769 1388 quod
795 1340 894 1378 victa
922 1340 1034 1386 iaces,
1064 1339 1251 1378 lutulenta
1278 1339 1424 1387 Libido,

281 1395 361 1432 Nec
390 1405 472 1432 mea
498 1394 582 1441 post
610 1393 769 1431 Mariam
796 1393 895 1441 potis
923 1405 963 1431 es
990 1392 1216 1441 perfringere
1245 1393 1338 1432 iura.

279 1448 336 1486 Tu
363 1447 537 1495 princeps
565 1447 612 1484 ad
641 1447 770 1486 mortis
798 1447 882 1493 iter,
913 1448 955 1484 tu
983 1446 1096 1484 ianua
1122 1445 1190 1484 leti

280 1502 441 1548 Corpora
468 1501 759 1548 commaculans,
790 1501 937 1538 animas
964 1499 1004 1537 in
1023 1500 1179 1538 Tartara
1198 1500 1351 1549 mergis.
1374 1501 1426 1539 90

282 1555 388 1592 Abde
417 1555 528 1602 caput
555 1554 655 1592 tristi
682 1554 756 1592 iam
783 1553 922 1602 frigida
949 1553 1065 1601 pestis
1092 1554 1248 1602 abysso:

279 1607 428 1654 Occide,
450 1608 696 1655 prostibulum
709 1608 781 1657 (2):
798 1619 926 1646 manes
944 1607 1221 1655 pete,claudere
1231 1607 1395 1653 Avern0;

275 1663 398 1710 Inque
426 1660 664 1700 tenebrosum
692 1661 814 1700 noctis
843 1661 1034 1699 detrudere
1062 1660 1232 1699 fundum.

279 1716 329 1753 Te
357 1715 512 1753 volvant
539 1716 664 1754 subter
692 1715 790 1753 vada
817 1715 1004 1762 flammea,
1034 1715 1070 1752 te
1098 1714 1195 1752 vada
1222 1713 1348 1762 nigra,

278 1768 580 1816 Sulphureusque
607 1769 704 1807 rotet
730 1780 795 1816 per
824 1769 962 1816 stagna
990 1767 1165 1806 sonantia
1192 1769 1335 1806 vortex.
1371 1767 1422 1805 95

279 1903 437 1934 Christum
460 1904 555 1934 terris
576 1905 734 1934 ostensum
757 1905 791 1934 et
812 1904 942 1934 cultum.
966 1903 1042 1934 Vide
1063 1903 1095 1934 S.
1120 1903 1259 1934 Avcvsr.
1282 1904 1352 1934 Lib.
1378 1904 1422 1934 111

282 1947 404 1975 Contra
427 1946 512 1975 duas
543 1946 713 1984 Epistolas
739 1946 954 1984 Pelagianor.
983 1954 1051 1983 cap.
1077 1946 1129 1975 lv,
1156 1961 1193 1969 -
1216 1948 1349 1976 terrena
1386 1946 1423 1976 in

279 1996 428 2025 corpora.
457 1988 599 2017 Terrena
621 1989 812 2026 iocor-pore
834 1987 974 2018 nonnulli
995 1987 1140 2018 Vaticani
1164 1987 1295 2018 codices.

342 2030 386 2067 (1)
411 2029 546 2059 mortali
567 2030 606 2059 de
629 2032 772 2059 matre...
807 2030 954 2060 Praestat
984 2029 1160 2059 Sermonem
1193 2029 1280 2059 adire
1313 2028 1420 2060 Sancti

279 2070 396 2100 Leoms
419 2071 540 2107 Meam,
567 2073 587 2087 ‘⁴
605 2072 654 2101 De
678 2071 803 2101 Christi
823 2071 1018 2102 Nativitate.
1039 2070 1060 2084 '’

343 2110 391 2151 (2)
406 2112 646 2150 prostibulum,
668 2122 722 2143 seu
744 2113 905 2152 prosedam
926 2113 1021 2151 poeta
1042 2112 1232 2149 Libidinem,
1250 2111 1290 2142 ad
1310 2112 1419 2142 contu·

280 2152 418 2191 melium,
442 2155 544 2184 vocat.
