1566 2482
278 182 283 209 A*
291 190 342 229 40
716 200 867 228 AVRELII
895 199 1099 227 PRVDENTII

291 316 411 362 Quum
439 314 560 354 subito
588 313 771 353 exclamat
798 313 919 352 media
945 313 1045 352 inter
1075 324 1182 352 sacra
1209 312 1379 351 sacerdos

290 368 482 407 Pallidus:
505 379 551 406 en
570 367 659 416 quid
677 369 777 417 ago?
795 367 1013 414 maius,·rex
1030 366 1181 415 optime,
1202 366 1322 405 maius
1350 365 1428 404 470

291 423 440 460 Numen
468 421 591 460 nescio
619 422 716 470 quod
743 420 881 460 nostris
908 420 1109 459 intervenit
1135 420 1224 468 aris,

291 476 409 521 Quam
437 475 586 514 sufferre
606 475 744 523 queant
771 474 985 523 spumantia
1002 473 1147 523 cymbia
1173 473 1270 512 lacte
1298 471 1373 522 (1),

290 529 489 567 Caesarum
516 528 672 577 sanguis
698 528 892 577 pecudum,
923 528 1096 575 verbena,
1126 538 1294 566 coronae.

290 581 441 620 Accitas
469 581 574 620 video
600 582 711 630 longe
740 581 942 630 dispergier
971 581 1029 630 (2)
1058 581 1223 628 umbras,

259 635 435 674 „Territa
457 635 690 683 Persephone
718 635 829 674 vertit
855 634 1016 683 vestigia
1042 636 1170 682 retro„
1352 632 1428 670 475

289 688 475 727 Extinctis
502 689 660 736 facibus,
689 688 806 727 fracto
834 688 994 737 fugitiva
1022 687 1208 736 fiagello.—

290 742 357 780 Nil
385 742 466 791 agit
484 754 661 781 arcanum
688 753 866 789 murmur,
889 741 943 779 nil
970 741 1150 779 Thessala
1170 740 1228 789 (3)
1247 739 1404 788 prosunt

290 795 479 842 Carmina,
510 797 677 834 turbatos
704 796 852 834 revocat
879 795 984 833 nulla
1012 795 1135 833 hostia
1169 805 1312 832 manes.

291 850 426 887 Nonne
454 849 572 897 vides,
603 850 646 887 ut
672 849 846 887 turibulis
865 848 1089 897 frigentibus
1117 847 1219 900 ignis

291 904 484 941 Marceat?
504 904 547 941 ut
573 902 678 941 canis
697 902 884 951 pigrescat
910 913 1031 950 pruna
1049 901 1218 940 favillis?
1353 899 1431 938 480

291 957 385 994 Ecce
414 956 612 994 Palatinus
639 957 806 1004 pateram
833 955 988 994 retinere
1017 955 1187 993 minister
1220 954 1279 1003 (4)

291 1010 378 1047 Non
404 1009 518 1055 valet,
549 1009 642 1047 elisa
671 1009 863 1047 destillant
889 1009 1058 1047 balsama
1086 1009 1237 1054 dextra3

291 1062 445 1101 Flamen
473 1064 510 1101 et
536 1062 614 1110 ipse
643 1074 731 1101 suas
758 1062 914 1100 miratur
941 1061 1075 1100 vertice
1102 1061 1231 1100 laurus

292 1116 439 1163 Cedere,
470 1117 506 1154 et
533 1116 715 1154 incertum
742 1115 943 1154 frustratur
970 1115 1123 1155 victima
1149 1115 1303 1156 ferrum.

292 1169 426 1208 Nescio
454 1169 551 1218 quis,
582 1171 677 1208 certe
705 1169 890 1218 subrepsit
918 1168 1228 1213 Christicolarum
1353 1166 1430 1205 485

292 1224 365 1261 Hic
392 1223 581 1262 iuvenum.
613 1223 737 1262 Genus
765 1223 834 1262 hoc
861 1222 1053 1261 hominum
1079 1223 1204 1261 tremit
1230 1221 1378 1327 ἰῐὲξιὲιῖᾈ
1397 1221 1434 1258 et

292 1329 472 1369 Pulvinar
500 1329 648 1369 divum:
679 1329 778 1369 lotus
805 1329 933 1378 procul
961 1329 1074 1377 absit,
1105 1330 1142 1368 et
1169 1330 1305 1368 unctus
1327 1327 1401 1377 (5).

337 1488 384 1528 (1)
405 1488 598 1526 spumantia
619 1488 745 1527 cymbia
769 1488 859 1524 lacte,
885 1488 922 1518 V.
948 1488 1039 1521 VIRG.
1065 1489 1145 1520 Aen.
1169 1489 1227 1527 ΙΙΙ,
1251 1490 1303 1520 66.

337 1530 382 1568 (2)
411 1531 595 1568 disperyier
622 1531 769 1567 umbras,
795 1530 968 1570 dispergier
991 1530 1197 1577 παραγωγή.
1211 1548 1250 1553 -
1271 1531 1360 1562 video
1374 1531 1434 1562 sci-

293 1578 370 1609 licet
389 1586 495 1608 manes
510 1578 542 1607 in
554 1577 659 1615 fugam
676 1579 775 1615 actos,
792 1578 954 1608 daemones
962 1587 1000 1609 ex
1015 1579 1124 1609 inferis
1131 1580 1284 1610 evocatos.
1296 1594 1339 1601 —
1354 1578 1432 1608 Per-

294 1620 432 1659 sephone
440 1623 488 1650 est
502 1628 613 1657 graeca
629 1620 829 1658 Proserpinae
851 1619 1114 1658 appellatimquae
1136 1622 1182 1651 ita
1199 1621 1434 1658 cognominatur

295 1663 455 1698 tamquam
476 1661 596 1698 Regina
632 1661 816 1693 Inferorum.
847 1661 939 1692 Codd.
963 1663 996 1692 et
1024 1662 1086 1700 ipsi
1116 1662 1270 1693 Vatican..
1291 1661 1435 1697 scribunt

298 1704 500 1740 Ther-eicon,
521 1704 577 1733 aut
601 1703 802 1734 Ther-sisere.
826 1703 907 1742 (sic.)
929 1703 989 1734 Sed
1020 1704 1172 1734 Hmnsws
1194 1713 1233 1734 ex
1253 1704 1350 1734 variis
1371 1703 1433 1733 lec-

293 1745 403 1775 tionib.
426 1744 630 1783 Persephone
660 1746 783 1775 omnino
806 1745 998 1783 comprobat,
1022 1745 1103 1782 quod
1123 1745 1177 1776 hic
1191 1745 1228 1776 de
1249 1745 1347 1776 sacris
1361 1744 1433 1775 Pro-

294 1787 436 1824 serpinae
450 1795 549 1816 sermo
565 1785 728 1816 habeatur.

339 1828 383 1865 (3)
408 1828 619 1859 Thessala....
644 1828 816 1858 Carmina.
842 1827 950 1858 Obiter
972 1828 1004 1858 in
1033 1826 1117 1874 Περὶ
1142 1825 1241 1874 Στεφ,
1256 1827 1299 1865 Χ,
1315 1827 1376 1859 869
1396 1827 1433 1858 de

296 1876 484 1906 carminibus
505 1874 692 1905 Thessalicis
714 1875 858 1907 diximus.

339 1916 387 1957 (4)
402 1918 580 1956 palatinus
607 1917 771 1948 minister.
803 1916 983 1947 Ministrum
1013 1916 1154 1954 intellige
1182 1916 1366 1948 Caesareum
1393 1915 1433 1947 ad

263 1969 265 1973 ⁴
295 1958 463 1996 Palatium,
485 1957 551 1989 sive
573 1958 694 1989 domum
717 1959 890 1996 palatinam
912 1958 1052 1989 Caesaris
1073 1960 1295 1997 pertinentem.

339 2001 382 2038 (5)
405 2001 493 2030 lotus
508 2001 629 2039 procul
644 2000 730 2031 absit
750 2003 780 2030 et
801 2003 933 2030 unctus.
950 2000 1034 2031 Haec
1049 2002 1141 2031 erant
1162 2001 1257 2031 verba
1270 2001 1431 2039 concepta,
1481 2009 1484 2012 ’

297 2042 408 2078 quibus
416 2041 586 2072 Christiani
601 2050 788 2080 paganorum
802 2043 901 2072 sacris
915 2042 1068 2072 interesse
1074 2042 1328 2081 prohibebantur.
1340 2042 1430 2079 Lori.

296 2083 446 2114 videlicet
466 2084 556 2114 erant
577 2084 737 2122 Baptismo
762 2084 822 2114 rite
837 2083 951 2119 abluti3
969 2085 1062 2114 uncti
1074 2084 1143 2116 scil.
1164 2083 1348 2116 Chrimatis
1361 2082 1433 2115 Oleo

297 2124 410 2156 Sancto
425 2125 597 2156 consacrati
619 2134 673 2156 seu
695 2125 882 2156 confirmati.
905 2125 941 2156 V.
968 2123 1169 2174 Ψυχομακ.,
1192 2125 1265 2160 860.
