1566 2482
0 1798 2 1846 l

394 127 552 168 coma*
565 119 760 172 ermom
785 138 1010 174 onfflomm-
1188 128 1267 168 233

181 247 494 298 Quamquam,›si
520 249 652 287 tantus
679 259 783 288 amor
809 249 867 287 est
893 250 931 287 et
957 260 1047 288 cura
1074 249 1212 288 vetusti

177 302 308 350 Moris,
327 303 416 350 eta
441 302 563 351 prisco
589 302 715 351 placet
731 303 833 341 haud
859 302 1050 342 discedere
1062 302 1153 351 ritu,
1184 303 1262 341 335

178 356 314 395 Exstat
338 356 379 394 in
407 356 574 405 antiquis
605 356 655 404 (1)
685 357 892 405 exemplum
919 357 1043 396 nobile
1070 357 1194 405 libris,

178 410 263 448 Iam
288 411 379 452 tunc
407 410 539 449 diluvii
566 410 636 449 sub
662 410 841 459 tempore,
871 411 932 449 vel
958 411 1079 459 prius,
1109 411 1177 450 uni

178 463 386 503 inservisse
413 465 492 503 Deo
522 465 572 513 (2)
602 466 766 513 gentem,
797 475 891 513 quae
918 465 1040 513 prima
1066 466 1232 504 recentes

178 517 342 556 Incoluit
366 519 500 566 terras,
529 529 717 566 vacuoque
743 518 931 557 habitavit
957 519 997 557 in
1025 519 1126 558 orbe.

178 571 286 610 Vnde
314 583 433 620 genus
461 572 563 611 ducit
588 573 737 611 nostrae
764 574 933 621 porrecta
958 583 1123 621 propago
1185 574 1262 611 340

179 624 329 674 Stirpis,
359 627 397 664 et
422 625 623 675 indigenae
649 625 800 674 pietatis
829 626 912 670 iura
938 626 1130 665 reformat.

124 678 195 715 Sed
222 679 311 727 quia
337 680 520 718 Romanis
542 679 728 729 loquimur
755 680 800 719 de
820 680 1003 727 cultibus,
1034 680 1158 728 ipsum

176 732 381 782 Sanguinis
391 733 564 773 Hectorei
581 733 757 782 populum
771 734 900 783 probo,
914 735 1076 782 tempore
1085 733 1198 782 longo
1211 734 1260 782 (3)

177 787 265 824 Νοη
291 787 428 826 multos
456 787 615 827 coluisse
644 789 747 835 deos,
778 788 945 836 rarisque
974 787 1123 826 sacellis

178 841 415 888 Contentum,
436 853 575 889 paucas
594 842 760 890 posuisse
788 842 830 880 in
857 841 1013 880 collibus
1042 853 1140 880 aras.
1184 842 1260 879 345

174 895 397 933 Innumeros
424 896 509 943 post
536 895 667 934 deinde
696 896 798 942 deos,
828 895 966 934 virtute
993 895 1161 934 subactis

175 948 354 995 Vrbibus,
383 950 422 987 et
446 949 558 988 claris
586 949 729 998 peperit
756 949 829 988 sibi
856 950 974 988 Roma
1001 948 1217 997 triumphis,

176 1001 282 1040 Inter
309 1002 499 1041 fumantes
525 1003 749 1051 templorum
777 1004 922 1041 armata
949 1002 1078 1041 ruinas

178 1056 338 1094 Dextera
365 1057 517 1095 victoris
546 1057 747 1096 simulacra
775 1056 928 1095 hostilia
954 1056 1068 1104 cepit,

174 1110 224 1148 Et
237 1110 385 1158 captiva
409 1110 571 1158 domum,
591 1123 775 1150 venerans
798 1111 847 1159 (4)
864 1122 931 1149 ceu
945 1111 1116 1157 numina,
1138 1110 1252 1148 vexit.

174 1163 256 1202 Hoc
274 1163 425 1212 signum
443 1165 568 1213 rapuit
582 1165 736 1204 bimaris
755 1165 799 1203 de
818 1167 945 1213 strage
965 1164 1148 1211 Corinthi,
1167 1161 1260 1215 [350

175 1216 277 1255 Illud
305 1216 353 1256 ab
380 1218 544 1257 incensis
571 1219 612 1257 in
639 1219 815 1267 praedam
844 1218 979 1257 sumsit
1006 1218 1183 1257 Athenis.

174 1271 361 1316 Quasdam
390 1272 489 1310 victa
516 1272 619 1311 dedit
644 1272 780 1321 capitis
808 1272 1004 1320 Cleopatra
1032 1271 1160 1311 canini
1181 1272 1232 1319 (5)

173 1324 340 1373 Effigies,
371 1327 552 1374 quasdam
580 1326 730 1365 domitis
758 1326 981 1365 Hammonis
1012 1327 1062 1374 (6)
1092 1325 1230 1364 arenis.

185 1432 230 1471 (1)
253 1433 356 1462 Extat
370 1434 406 1462 in
422 1434 572 1472 antiquie
584 1433 696 1464 libris.
713 1433 748 1463 In
763 1433 843 1463 libro
867 1433 1034 1470 Gemeseos,
1046 1433 1100 1470 qui
1121 1432 1259 1463 omnium

120 1474 362 1511 antiquissimus
383 1475 443 1505 est.

185 1515 234 1555 (2)
260 1516 323 1546 um·
334 1516 514 1546 Inseruisse
530 1516 603 1547 Deo.
614 1519 756 1555 qenlem.
771 1515 866 1552 Semi,
882 1516 941 1546 filii
955 1517 1031 1554 Noe,
1044 1516 1165 1546 familia
1175 1516 1260 1554 pien-

120 1557 258 1594 tissima,
281 1558 314 1587 in
337 1566 398 1595 qua
418 1566 584 1595 germanus
604 1558 659 1588 Dei
681 1558 782 1588 cultus
804 1558 990 1595 permansit.

183 1598 229 1639 (3)
250 1602 391 1638 tempore
413 1600 509 1638 lonyo
530 1600 606 1630 Non
629 1601 748 1630 multos
769 1600 906 1630 coluisse
929 1600 1014 1631 deos.
1037 1600 1186 1630 Praestat
1206 1598 1258 1629 hic

120 1640 152 1671 S.
176 1641 348 1672 Avcvsrmr
377 1642 505 1671 Librum
533 1642 640 1672 adire:
664 1654 706 1668 =
736 1642 786 1672 De
810 1641 947 1672 Civitate
982 1643 1046 1672 Dei
1066 1655 1108 1668 =
1130 1641 1259 1672 tertium

117 1691 187 1720 cap.
201 1683 272 1720 XII,
285 1684 319 1714 et
330 1684 456 1714 Librum
471 1683 524 1720 IV,
542 1692 610 1721 cap.
627 1683 681 1720 31,
698 1684 751 1713 ubi
766 1684 943 1714 ostenditur
958 1686 1035 1720 quot
1048 1684 1109 1714 sibi
1125 1683 1258 1714 Romani

119 1724 190 1754 deos
211 1726 362 1762 emerint,
385 1734 514 1763 quorum
536 1726 693 1756 maximus
713 1734 872 1765 numerus,
895 1729 1021 1764 praeter
1036 1734 1087 1756 eos
1108 1734 1183 1763 quos
1206 1734 1260 1755 rex

118 1767 220 1797 Numa
241 1768 472 1803 constituisset,
496 1767 580 1797 nullo
602 1768 663 1798 sibi
686 1767 867 1798 adiumento
889 1769 963 1798 fuit.

182 1809 228 1847 (4)
244 1810 288 1839 Εἰ
306 1811 436 1848 captiva
458 1810 591 1839 domum
606 1819 775 1842 venerans.
793 1810 870 1840 vide
891 1810 937 1840 sis
958 1811 988 1842 S.
1005 1809 1199 1840 Avovsnm:
1216 1821 1259 1836 =

118 1851 167 1880 De
188 1852 337 1881 consiliis
357 1852 516 1890 annyel.
539 1864 581 1878 =
604 1852 639 1886 L.
663 1852 690 1888 1,
713 1861 781 1890 cap.
808 1852 860 1882 12.

182 1893 228 1932 (5)
251 1894 372 1931 capitis
393 1894 565 1933 Cleopatra
586 1894 701 1924 canini
722 1894 874 1932 Effiqies.
895 1893 1016 1923 Anubis
1036 1893 1257 1931 Aegyptiorum

118 1934 204 1969 deus,
222 1936 275 1972 qui
294 1935 379 1966 facie
398 1938 511 1966 canina
538 1936 756 1973 effingebatur,
780 1937 909 1973 ideoque
939 1935 1156 1973 Cynocefitlus
1172 1959 1178 1965 .
1197 1959 1204 1966 .
1220 1957 1227 1964 .
1246 1957 1254 1965 .

118 1977 306 2014 appellatus,
328 1977 471 2014 idemque
493 1978 637 2008 latrator·
668 1978 751 2016 apud
781 1978 877 2008 v1ac.
907 1977 1037 2010 Aeneid.
1071 1977 1153 2013 VlII,
1182 1978 1255 2015 698.
1319 1984 1321 1987 ’

134 2018 155 2049 ⁷.
189 2018 294 2049 Ov1m1
314 2019 444 2050 Metam.
468 2019 526 2055 IX,
549 2021 620 2053 691,
643 2019 687 2050 De
709 2027 768 2057 quo
790 2027 908 2050 Annon.
933 2019 987 2050 VI.

181 2061 226 2098 (ss)
248 2061 460 2098 Hammonis,
481 2061 530 2092 vel
549 2062 724 2092 Ammonfs
744 2062 843 2092 Iovis.
867 2061 1022 2092 Hammon
1038 2060 1100 2091 fuit
1115 2059 1257 2100 Iuppiter

119 2103 264 2140 Lybicus,
286 2103 374 2133 cuius
395 2104 492 2142 caput
511 2104 654 2134 cornibus
676 2104 866 2133 instructum
888 2103 965 2134 fuit.
