1566 2482
263 158 312 196 78
646 168 798 195 AVRELH
828 168 1031 195 l‘ltVDENTll

260 279 345 317 Una
372 289 436 326 per
463 277 684 315 immensam
712 275 807 314 caeli
835 287 986 314 caveam
1012 276 1199 315 revolutos
1355 277 1404 316 ‚70

261 332 420 370 Praebet
445 331 597 369 flamma
625 329 722 368 dies:
752 329 846 368 texit
873 329 928 369 sol
954 329 1089 369 unicus
1116 341 1270 369 annum.

259 386 408 433 Triplex
434 384 497 422 ille
525 386 652 422 tamen
680 383 785 421 nullo
813 383 1026 431 discrimine
1053 383 1156 421 trina

259 439 444 477 Subnixus
471 438 617 476 ratione
645 437 762 485 viget,
794 437 977 484 splendet,
1008 437 1124 484 volat,
1156 436 1278 484 ardet,

260 494 365 530 Motu
392 491 532 540 agitur,
562 491 704 529 fervore
733 491 887 537 cremat,
917 492 998 528 tum
1024 490 1165 529 lumine
1193 490 1331 539 fulget.

262 547 357 584 Sunt
388 545 462 583 tria
495 556 625 593 nempe
654 544 779 591 simul,
815 544 892 591 luit,
929 545 966 582 et
997 544 1112 591 calor,
1148 546 1184 582 et
1216 556 1323 593 vege·
1356 545 1404 583 75

1145 596 1288 648 [tamen
1318 598 1403 648 (1):

263 653 348 690 Una
375 652 574 700 eademque
602 653 728 689 tamen
756 651 838 688 rota
866 650 997 688 sideris
1025 650 1238 690 indiscretis
1274 651 1334 701 (2)

262 705 448 754 Fungitur
475 705 550 752 his,
580 716 654 744 uno
683 705 807 743 servat
833 705 889 741 tot
916 715 1073 742 munera
1102 705 1230 751 ductu,

263 760 313 797 Et
339 759 458 797 tribus
485 771 561 797 una
589 759 716 796 subest
743 757 888 795 mixtim
917 757 976 806 (3)
1007 758 1219 796 substantia
1254 759 1378 797 rebus.

263 814 350 851 Non
367 812 532 851 conferre
553 812 612 861 (4)
634 813 724 857 Deo,
746 811 848 849 velut
866 811 1157 859 aequiparabile,
1179 811 1381 860 quidquam

263 866 411 912 Ausim,
442 878 509 904 nec
537 865 695 904 Domino
710 865 891 903 famulum
918 875 1134 913 componere
1155 865 1326 914 signum:
1356 866 1407 904 80

264 921 320 957 Ex
347 919 513 958 minimis
542 919 605 957 sed
633 919 774 967 grande
803 929 911 956 suum
939 918 1057 956 voluit
1085 920 1197 957 Pater
1223 919 1303 967 ipse

263 973 475 1011 Coniectare
502 972 685 1019 homines,
717 972 851 1020 quibus
879 971 996 1009 ardua
1024 972 1143 1010 visere
1172 983 1247 1010 non
1276 973 1348 1010 est.

265 1029 470 1065 Parvorum
498 1026 646 1074 speculo
675 1037 750 1064 non
779 1025 969 1063 intellecta
997 1027 1184 1072 notamus,

264 1082 314 1118 Et
342 1080 451 1118 datur
479 1080 663 1118 occultum
690 1091 756 1127 per
781 1079 948 1126 proxima
976 1090 1149 1126 quaerere
1177 1090 1336 1117 verum.-

263 1134 382 1172 Nemo
410 1134 500 1172 duos
520 1133 631 1179 soles,
650 1133 723 1171 nisi
744 1133 813 1171 sub
831 1133 1065 1180 glaucomate
1082 1133 1157 1181 (5),
1176 1132 1294 1170 vidit:
1322 1144 1325 1146 ·
1355 1133 1405 1170 85

268 1188 346 1225 Aut
374 1187 406 1225 si
433 1187 540 1225 fusca
566 1186 691 1234 polum
721 1186 875 1224 suffudit
901 1185 1004 1235 palla
1033 1187 1091 1235 (6)
1122 1197 1306 1233 serenum,

266 1240 467 1288 Oppositus
494 1239 638 1288 quoties
665 1239 854 1278 radiorum
883 1239 1027 1287 spicula
1055 1239 1206 1277 nimbus

265 1295 362 1342 Igne
389 1304 603 1341 repercusso
631 1293 807 1331 mentitos
835 1292 982 1341 spargit
1009 1292 1050 1330 in
1078 1294 1198 1331 orbes.

266 1348 360 1385 Sunt
386 1347 522 1386 animis
550 1346 662 1385 etiam
690 1358 758 1385 sua
785 1346 929 1394 nubila,
961 1358 1108 1384 crassus
1135 1347 1173 1385 et
1199 1350 1283 1392 aer3

293 1525 295 1527 ·
331 1506 374 1546 (1)
401 1507 609 1545 Veyetanaen:
632 1506 714 1543 quod
735 1505 800 1535 vim
824 1505 946 1535 excitat
967 1504 1144 1541 vegetandi.
1169 1504 1246 1535 Vide
1269 1513 1300 1535 v.
1324 1505 1405 1542 299;

267 1550 301 1579 et
322 1557 382 1579 vox
403 1548 614 1578 Prudentiana
635 1547 759 1577 omnino
781 1546 916 1578 videtur.

331 1589 378 1629 (2)
402 1590 603 1619 indiscretis.
627 1589 740 1619 Versus
767 1588 961 1626 spondaicus.
991 1587 1163 1618 Occurrunt
1184 1588 1217 1617 in
1232 1588 1407 1619 Hamarti-

266 1633 365 1671 yenia
394 1640 500 1661 versus
522 1631 562 1660 ad
583 1631 665 1661 hunc
697 1630 822 1660 modum
851 1629 940 1660 facti.
972 1629 1008 1661 V,
1040 1629 1170 1660 Advers.
1198 1629 1318 1660 Max-ibn
1335 1629 1408 1666 103,

269 1674 341 1712 144,
371 1673 444 1709 223,
467 1673 540 1709 267,
557 1673 630 1708 391,
654 1672 728 1708 623,
753 1672 824 1707 714,
849 1672 921 1706 723,
945 1673 1007 1703 etc.

253 1737 255 1741 .
334 1714 379 1753 (3)
402 1716 535 1744 mioetim
557 1715 614 1744 aut
634 1715 777 1744 mistim:
802 1710 939 1761 μίγδην,
964 1721 1024 1743 vox
1046 1713 1241 1742 Lucietiana.

333 1761 378 1800 (4)
391 1771 455 1790 non
469 1762 644 1798 conferre.
651 1761 875 1799 .quidquam
865 1759 996 1790 Ausim.
1022 1759 1081 1788 Res
1096 1759 1220 1789 divinas
1235 1758 1409 1795 enucleare,

267 1803 528 1833 similitudinibus
550 1804 683 1840 sumptis
704 1811 721 1832 e
743 1804 832 1831 rebus
847 1803 971 1836 creatiS‚
989 1801 1121 1838 perutile
1140 1803 1263 1837 quidem
1275 1807 1340 1835 est·
1357 1803 1410 1831 sed

269 1845 301 1874 id
324 1843 446 1881 quidem
468 1853 486 1873 a
509 1844 642 1881 periculo
665 1852 725 1873 non
748 1847 853 1880 vacat,
878 1842 940 1872 uti
947 1843 1038 1872 notat
1060 1842 1197 1873 Avmsr.
1214 1842 1271 1881 Ep.
1289 1842 1351 1879 CV,
1376 1843 1409 1873 et

269 1886 369 1916 Serm.
393 1885 517 1920 CXVII,
540 1886 588 1915 De
609 1885 691 1916 verb.
717 1884 872 1922 Evanyel.
896 1884 990 1914 Ioan.

333 1927 379 1966 (5)
403 1927 464 1957 sub
482 1927 698 1965 glaucomate.
723 1926 780 1956 Est
801 1924 993 1971 γλαυκῶμα
1016 1924 1129 1955 vitium
1157 1925 1325 1961 oculorum,
1349 1934 1408 1963 quo

268 1974 346 2003 vitio
368 1974 451 2003 color
479 1973 633 2003 naturalis
659 1974 690 2003 in
705 1973 849 2010 glaucum
871 1973 1076 2002 convertitur.
1102 1973 1139 2002 V.
1164 1972 1253 2003 an.
1285 1971 1404 2002 MAlon.

333 2056 375 2094 (6)
396 2056 502 2094 palla.
526 2056 641 2091 Nubes,
656 2055 768 2093 quibus
789 2055 903 2085 caelum
920 2055 1094 2085 obducitur
1111 2055 1211 2092 palae
1227 2062 1404 2092 comparan-

273 2098 334 2134 tur,
357 2105 434 2134 quac
456 2098 557 2134 cingit
578 2106 686 2136 corpus
707 2097 915 2134 obvolvitque.
