1566 2482
577 201 864 231 memnona
1215 188 1294 229 145

147 317 228 356 Nec
251 313 397 364 tinguit
424 311 484 363 (1)
511 311 656 360 patrias
682 311 871 350 sententia
898 323 1010 350 saeva
1031 307 1198 350 'secures-

146 370 206 409 En
232 379 302 418 ego
329 367 530 412 Sobrietas,
543 385 547 388 ·
561 366 594 404 si
620 365 834 414 conspirare
860 365 1019 414 paratis,

147 423 278 462 Pando
305 422 404 460 viam
431 419 576 459 cunctis
602 419 819 467 virtutibus,
849 421 893 457 ut
919 419 1136 458 malesuada

147 477 342 523 Luxuries,
370 475 487 514 multo
515 474 655 523 stipata
682 473 859 520 satellite,
886 485 1027 521 poenas
1215 473 1293 511 405

147 532 239 570 Cum
263 530 412 583 legione
441 540 510 567 sua
538 527 688 567 Christo
715 527 788 566 sub
814 527 937 566 iudice
964 528 1120 575 pendat.
1162 540 1185 563 ›>
1213 549 1268 555 —

146 585 206 624 Sic
233 575 361 633 effata,
395 584 550 622 Crucem
577 582 733 621 Domini
759 581 992 620 ferventibus
1020 581 1127 619 offert

147 638 270 678 Obvia
295 636 532 687 quadringis‚
560 636 709 685 lignum
737 635 947 674 venerabile
975 635 1016 673 in
1043 635 1146 683 ipsos

146 693 351 732 Intentans
377 691 524 730 frenos:
556 691 655 739 quod
681 691 724 728 ut
750 691 931 738 expavere
958 688 1099 728 feroces

147 744 329 786 CorniBus
343 744 521 794 oppansis
533 743 593 794 (2)
604 746 642 783 et
655 755 802 783 summa
815 743 938 783 fronte
950 754 1158 790 coruscum,
1217 742 1295 781 410

145 800 309 839 Vertunt
334 798 576 848 praecipitem
603 809 712 837 coeca
739 797 938 836 formidine
966 797 1043 836 fusi

147 855 218 892 Per
246 854 447 902 praerupta
473 851 628 901 fugam:
660 851 779 890 fertur
806 851 986 899 resupina
1012 850 1180 888 reductis

146 907 412 956 Nequidquam
438 906 530 944 loris
556 906 704 954 auriga,
735 916 950 953 comamque
977 905 1191 943 madentem
1240 933 1242 935 .

147 961 304 1000 Pulvere
330 960 456 999 foedat
482 959 587 998 humi
622 959 698 1009 (3).
733 959 838 997 Tunc
865 961 904 997 et
934 958 1077 1007 vertigo
1101 959 1268 997 rotarum

146 1014 323 1063 Implicat
335 1025 530 1053 excussam
545 1013 755 1059 dominam3
773 1024 862 1052 nam
876 1024 996 1061 prona
1009 1013 1080 1051 sub
1095 1023 1202 1050 axem
1217 1012 1295 1050 415
1354 1061 1358 1066 .

147 1068 318 1115 Labitur,
348 1070 388 1107 et
412 1067 534 1106 lacero
560 1067 688 1106 tardat
714 1065 923 1105 sufflamine
952 1067 1011 1116 (4)
1041 1078 1206 1105 currum.

146 1122 266 1163 Addit
292 1121 479 1161 Sobrietas
507 1122 645 1160 vulnus
671 1121 782 1159 letale
810 1120 965 1168 iacenti,

147 1175 360 1216 Coniiciens
387 1175 531 1214 silicem
559 1175 663 1223 rupis
691 1175 736 1213 de
764 1176 870 1224 parte
899 1174 1088 1213 molarem.

147 1231 260 1269 Hunc
287 1229 531 1276 vexilliferae,
561 1229 740 1278 quoniam
767 1240 849 1268 sors
876 1229 1028 1276 obtulit,
1059 1229 1177 1267 ictum

147 1283 298 1332 Spicula
325 1283 432 1322 nulla
459 1295 589 1330 manu,
620 1283 686 1321 sed
714 1283 803 1322 belli
830 1282 983 1331 insigne
1012 1282 1172 1331 gerenti,
1219 1282 1297 1320 420

149 1339 270 1377 Casus
298 1337 381 1386 agit
409 1348 557 1384 saxum,
587 1336 700 1375 medii
728 1336 917 1385 spiramen
945 1338 988 1375 ut
1015 1337 1091 1375 oris

147 1392 371 1440 Frangeret,
401 1393 438 1429 et
463 1402 596 1430 recavo
625 1390 798 1429 misceret
823 1390 934 1428 labra
961 1391 1106 1440 palato,

147 1444 334 1484 Dentibus
361 1445 565 1484 introrsum
592 1444 781 1491 resolutis,
811 1444 946 1493 lingua
973 1446 1154 1483 resectam

147 1498 343 1537 Dilaniata
370 1498 499 1546 gulam
525 1497 661 1537 frustis
689 1509 774 1536 cum
801 1498 1000 1546 sanguinis
1026 1498 1171 1546 implet.

146 1551 321 1591 Insolitis
349 1551 507 1599 dapibus
535 1552 723 1590 crudescit
749 1553 894 1600 guttur,
925 1553 963 1590 et
990 1562 1082 1590 ossa
1218 1552 1304 1588 425.

149 1604 435 1654 Conliquefacta
463 1616 601 1644 vorans
628 1605 804 1652 removit,
835 1616 930 1653 quas
957 1605 1151 1651 hauserat,
1190 1605 1297 1642 offas.

148 1659 271 1698 Ebibe
294 1659 370 1698 iam
398 1659 590 1707 proprium
618 1662 703 1708 post
729 1659 864 1708 pocula
892 1659 1014 1697 multa
1041 1670 1227 1706 cruorem,

163 1808 183 1838 h
210 1766 256 1806 (1)
278 1766 345 1797 Neo
364 1767 500 1805 tinquit.
524 1767 574 1797 Ita
595 1767 886 1828 G1sanm„uti=
908 1771 1028 1806 nan-quet
1049 1769 1155 1799 noster
1178 1769 1211 1799 in
1240 1769 1299 1801 Ca-

147 1810 162 1846 t
185 1817 245 1841 em.
255 1808 311 1844 -‚X
334 1809 387 1839 60.

209 1851 257 1890 (2)
278 1850 434 1881 cornibus
454 1851 626 1890 oppansis.
648 1851 789 1882 G1ssL1N.
812 1850 926 1882 habet.
951 1852 1107 1882 cornibus
1128 1854 1299 1891 expansis.

148 1893 272 1923 Duobus
292 1893 395 1922 crucis
414 1892 568 1928 brachiis,
592 1901 674 1930 quae
694 1893 918 1925 extenduntur.

211 1934 257 1972 (3)
276 1934 410 1972 pulvere
431 1934 541 1972 foedat
561 1935 668 1966 humi.
701 1935 814 1966 Hsms.
845 1936 940 1973 legit:
967 1936 1103 1973 pulcer-e
1132 1936 1298 1974 faedatur.

210 1976 256 2015 (4)
279 1976 424 2007 lacero...
446 1977 655 2015 sufflamine.
678 1977 846 2008 Sufflamen
867 1979 918 2008 est
947 1978 1081 2008 ferreum
1110 1978 1300 2010 instrumen-

146 2018 214 2048 tum
229 2018 261 2048 in
277 2017 379 2049 soleae
394 2018 520 2048 modum
535 2017 719 2056 formatum,
735 2027 796 2056 quo
810 2020 918 2050 subter
934 2021 1025 2050 unius
1040 2021 1128 2051 rotae
1144 2020 1297 2051 canthum

146 2060 318 2099 supposito,
343 2069 451 2090 currus
472 2060 506 2090 in
538 2060 604 2092 loco
637 2061 770 2092 declivio
790 2070 919 2092 currens
947 2061 1125 2097 cohibetur,
1148 2071 1187 2093 ne
1208 2071 1297 2102 prae-

146 2110 221 2140 ceps
241 2102 305 2133 eat.
329 2102 411 2132 Hinc
434 2102 560 2132 verbum
581 2103 772 2139 sufflamino,
790 2113 840 2134 as.
863 2103 944 2141 quod
967 2112 1022 2134 nos
1043 2102 1218 2135 diceremus
1238 2105 1299 2134 ita-

147 2144 206 2174 lice
228 2146 347 2174 metter
368 2145 397 2173 le
418 2153 533 2182 scarpe
555 2145 602 2175 ad
622 2154 669 2175 un
691 2155 801 2176 carro.
826 2146 864 2177 V.
889 2146 1000 2177 lvvrm.
1024 2147 1096 2177 Sat.
1118 2146 1202 2183 vm,
1225 2146 1298 2178 148.

234 2221 270 2254 A.
294 2221 472 2253 Pavonum
497 2221 617 2261 opera.
1177 2224 1217 2255 10
