1566 2482
265 171 315 211 54
643 180 797 213 Avanm
824 179 1026 212 annrm‘m

260 298 312 343 Et
328 299 448 342 totum
459 279 1099 346 r·edim·itrqnemsumsermomnfl
1107 298 1307 346 reducens,
1327 298 1402 336 780

242 350 448 400 Quidquid
464 351 783 397 hQQ-ismd
799 351 1159 402 tumulimstjllad
1172 352 1312 404 abysse
1322 352 1398 404 (1)-

818 572 852 610 V

572 677 638 715 DE
668 677 880 717 NATVRA
908 677 1115 716 ANIMAE

259 811 383 849 Versus,
407 813 459 850 qui
480 813 664 850 sequuntur,
689 821 739 843 eos
761 812 946 851 respiciunt,
970 812 1021 850 qui
1055 813 1306 843 Manichaeorum
1329 813 1397 844 doc-

302 854 396 884 trinis
418 854 560 891 addicti,
592 854 723 885 tradunt
753 855 891 885 animam
927 854 1096 885 humanam
1127 855 1312 893 particulam
1334 863 1400 886 esse

302 896 495 927 substantiae
510 897 584 933 Dei3
608 897 706 934 obque
730 896 809 926 hanc
830 905 954 927 causam
983 896 1062 926 nulli
1083 905 1201 935 poenae
1221 896 1397 928 obnoxiam.

301 938 399 968 Poeta
421 938 561 969 ostendit
582 938 719 968 animam
742 946 842 975 neque
863 938 960 969 Deum
983 946 1061 975 esse,
1083 947 1182 976 neque
1201 938 1257 969 Dei
1277 940 1398 978 partem

301 980 406 1015 ullam,
434 981 507 1017 quia
528 980 638 1010 creata
658 981 718 1016 est,
730 989 790 1010 non
813 981 964 1017 genitam,
981 980 1111 1017 ideoque
1132 979 1246 1015 nullam
1267 981 1399 1010 naturae

300 1022 576 1052 comunicationem
597 1022 630 1051 in
655 1030 722 1052 sese
748 1022 871 1052 habere.
898 1021 1061 1052 Praeterea
1086 1030 1163 1059 quae
1188 1022 1251 1052 Deo
1275 1022 1398 1060 proprie

299 1064 481 1093 tribuuntur
506 1063 679 1094 nullomodo
703 1064 828 1094 animae
856 1066 981 1093 nostrae
1007 1065 1168 1094 convenire
1188 1072 1288 1101 posse.
1310 1063 1398 1094 Adde

300 1105 398 1142 quod,
426 1114 519 1142 quum
540 1106 645 1135 anima
666 1106 773 1135 nostra
793 1106 837 1135 sit
858 1105 984 1143 peccato
1005 1105 1154 1142 obnoxia,
1178 1105 1288 1136 deceat
1307 1106 1398 1144 plane
1419 1109 1423 1112 '

299 1155 353 1177 nos
369 1155 481 1185 poenas
508 1147 711 1178 admissorum
732 1147 865 1185 pendere
887 1155 1065 1184 congruam.
1082 1146 1125 1177 At
1147 1148 1252 1177 tamen
1273 1147 1396 1177 nonita

298 1189 447 1219 innocens
469 1189 591 1220 animae
602 1189 742 1219 conditio
763 1189 825 1218 fuit
839 1188 912 1219 olim
926 1198 934 1225 ς
959 1193 992 1219 et
1006 1191 1132 1227 propter
1146 1189 1247 1219 labem
1262 1189 1397 1226 originn-
1452 1203 1453 1206 =

297 1230 372 1268 lem,
401 1239 419 1261 e
455 1232 555 1268 gradu
590 1232 709 1269 primae
735 1231 932 1261 innocentiae
961 1230 1098 1266 deiecta,
1133 1230 1172 1260 ad
1203 1230 1396 1269 primaevam

299 1272 488 1309 dignitatem
528 1273 696 1310 adsurgere
731 1273 836 1303 anima
870 1272 1007 1302 humana
1042 1272 1235 1309 nequivisset
1256 1281 1296 1305 ex
1315 1281 1395 1307 sese.

298 1315 360 1344 nisi
385 1314 536 1344 auxilium
551 1315 733 1345 accessisset
754 1314 893 1345 divinum
915 1313 1101 1352 Salvatoris,
1123 1314 1178 1351 qui
1199 1322 1295 1352 genus
1317 1323 1395 1346 mor-

297 1356 411 1386 talium
434 1357 468 1386 in
497 1356 611 1387 melius
633 1356 804 1395 reparavit.

255 1469 424 1509 Occurrit
451 1469 627 1509 dubItans
654 1469 716 1508 hic
744 1469 976 1517 dissertator,
1006 1470 1043 1508 et
1068 1469 1164 1509 illud

256 1524 414 1563 Obiicit:
445 1535 545 1562 anne
572 1524 679 1570 fides,
710 1523 824 1571 capit,
854 1525 898 1561 ut
925 1523 1136 1562 substantia
1163 1523 1277 1562 flante

253 1577 445 1626 Inspirata
472 1578 549 1615 Deo
577 1577 779 1616 cruciatum
806 1577 959 1624 sentiat,
988 1578 1101 1625 utque

252 1630 398 1669 Inferni
409 1631 512 1679 petat
525 1631 601 1669 ima
627 1630 717 1679 poli,
737 1630 984 1678 barathroque
1004 1630 1064 1680 (2)
1084 1630 1288 1678 coquatur?
1317 1630 1393 1670 785

232 1685 365 1745 {Crede
392 1685 556 1722 animam
583 1696 657 1722 non
686 1696 765 1722 esse
792 1685 926 1731 Deum,
957 1684 1022 1722 sed
1048 1684 1153 1722 crede
1179 1684 1314 1723 creatis
1365 1728 1370 1732 ,

231 1739 430 1777 ‘Maiorem
456 1738 600 1777 cunctis
629 1738 713 1788 (3):
745 1738 865 1785 ipsam
893 1748 1035 1786 quoque
1063 1737 1168 1776 crede
1195 1739 1372 1777 creatam.

295 1863 343 1903 (1)
364 1861 457 1893 istud
479 1861 630 1893 tumulis.
654 1861 772 1900 Corpus
793 1861 935 1898 tumulis,
959 1869 1014 1891 seu
1037 1861 1152 1897 terrae.
1173 1859 1327 1900 sepulcro.
1351 1877 1390 1883 —

251 1906 350 1942 illud,
364 1905 500 1935 animam
514 1903 609 1934 caelo.
622 1903 747 1934 Etenim
762 1903 891 1942 abyssus
901 1903 940 1933 ab
948 1902 1118 1933 altitudine
1132 1903 1165 1933 et
1176 1902 1391 1941 profunditate

251 1942 370 1977 coelum
394 1946 583 1984 appellatur.

315 1988 362 2028 (2)
385 1988 614 2027 barathroque.
637 1987 682 2018 De
705 1995 775 2018 voce
798 1983 994 2033 Βάραθρον.
1011 1985 1090 2017 Vide
1105 1983 1257 2034 Καθημ.
1279 1985 1388 2026 hymn.

247 2035 364 2119 >k1³ng
383 2035 473 2108 {gae
495 2078 615 2108 creatis
637 2077 797 2109 Maiorem
818 2077 957 2115 cunctis,
979 2075 1008 2107 si
1030 2076 1135 2107 tamen
1157 2075 1285 2114 angelos
1307 2074 1391 2114 cxci,-

248 2120 329 2160 pias.
