1566 2482
567 148 822 179 nri-neon
888 127 897 176 ᾗ
987 135 993 138 ”
1216 141 1299 182 279

206 259 331 306 Quum
355 259 567 308 peccatores
594 259 747 298 rabidos
774 260 905 299 eadem
931 259 1030 300 freta
1054 262 1244 309 mergant.

209 312 389 352 Obruitur
415 312 565 372 Pharao
596 313 677 364 (1)·
707 313 834 362 patuit
860 313 924 352 via
949 314 1069 353 libera
1094 315 1208 356 Mosi.

456 414 505 452 X.
535 413 670 452 Moses
697 414 842 462 accipit
874 414 994 462 leyem

149 496 288 534 Fumat
313 496 452 536 montis
478 508 527 545 ap
540 509 573 535 -Χ
600 496 740 535 divinis
766 496 935 546 ignibus,
965 497 1007 535 in
1035 508 1108 546 quo

202 550 349 598 Scripta
377 550 505 590 decem
534 550 656 589 verbis
685 550 747 601 (2)
777 562 951 590 saxorum
978 551 1122 600 pagIna
1148 551 1247 591 Mosi

208 604 394 651 Raditur,
423 604 488 643 ille
515 615 620 652 suos,
649 606 824 652 suscepta
850 605 946 656 lege,
973 605 1130 644 revisit:

204 658 338 697 Forma
363 658 430 696 sed
455 658 517 697 his
545 658 655 697 vituli
684 658 795 697 solus-
813 659 930 706 Deus,
951 660 990 698 et
1015 660 1118 698 Deus
1145 670 1294 698 aurum.

435 758 508 799 XI.
538 758 701 797 Marma
728 760 766 797 et
790 759 1010 798 coturnices

151 835 319 874 Panibus
345 835 529 883 angelicis
556 835 686 873 albent
710 835 875 874 tentoria
901 836 1065 884 patrum.

205 890 314 928 Certa
339 888 432 928 fides
457 888 569 928 facti:
599 893 702 926 tenet
727 900 860 927 urceus
885 900 1021 928 aureus
1048 889 1134 927 exin

203 943 398 981 Servatum
425 943 582 981 Manna.
609 942 780 991 Ingratis
807 943 914 981 venit
940 943 1059 981 altera
1085 943 1219 991 nubes,

202 997 327 1044 Atque
355 995 486 1034 avidos
513 995 639 1034 carnis
667 997 814 1034 saturat
845 998 1025 1045 congesta
1052 997 1237 1036 coturnix.

373 1097 466 1135 XII.
498 1095 669 1144 Serpens
696 1107 841 1135 aeneus
869 1097 914 1135 in
941 1108 1067 1135 eremo

147 1186 330 1225 Fervebat
356 1186 419 1225 via
446 1185 547 1225 sicca
574 1186 686 1224 eremi
715 1186 774 1234 (3)
804 1185 1040 1233 serpentibus
1069 1186 1186 1224 atris:

201 1241 358 1289 Iamque
385 1240 562 1278 venenati
588 1251 654 1287 per
680 1239 799 1277 livida
826 1239 984 1277 vulnera
1011 1250 1158 1278 morsus

201 1295 414 1342 Carpebant
439 1293 641 1342 populum:
673 1293 738 1331 sed
763 1293 928 1340 prudens
956 1305 1041 1332 aere
1067 1293 1226 1341 politum

199 1348 287 1386 -Dux
299 1359 406 1387 cruce
420 1347 632 1395 suspendit,
644 1347 709 1395 qui
723 1346 828 1385 virus
840 1348 1021 1396 temperet
1033 1348 1100 1395 (4),
1114 1357 1290 1396 anguem.

370 1448 487 1487 XIII.
516 1447 655 1487 Lacus
682 1459 841 1498 myrrae
868 1449 914 1487 in
941 1460 1067 1487 eremo

149 1540 296 1587 Aspera
322 1538 494 1586 gustatu,
524 1538 661 1586 populo
688 1537 854 1584 sitiente,
883 1537 1022 1576 lacuna

199 1591 405 1631 Tristificos
431 1591 565 1630 latices
591 1591 790 1641 stagnanti
816 1591 904 1630 felle
931 1591 1100 1630 tenebat.

211 1688 258 1726 (1)
283 1686 444 1717 Obruitur
463 1687 674 1718 Pharao.1n
696 1687 778 1717 huuc
799 1686 926 1717 modum
948 1687 1047 1718 series
1064 1680 1152 1718 'iffil
1174 1687 1290 1726 p1··inci

146 1738 221 1769 pum
232 1729 395 1760 continens
409 1729 516 1767 periit,
533 1738 613 1766 quae
627 1729 769 1767 Aegypto
784 1729 982 1767 imperitavit
995 1730 1070 1760 ante
1084 1728 1288 1762 Sesostridas.

210 1770 260 1812 (2)
281 1771 410 1810 sor-'pm
429 1771 535 1801 decem
556 1771 674 1801 verbis.
703 1771 815 1802 Decem
836 1770 931 1802 verba
958 1770 1107 1802 hebraice
1128 1773 1162 1801 et
1190 1772 1291 1802 latine

145 1819 344 1850 constituunt
364 1818 444 1854 quod
465 1811 664 1859 Δεκάλογος
684 1819 813 1850 dieitur.
836 1817 869 1850 S.
892 1817 1093 1850 Avevsrmvs
1108 1819 1290 1856 decalogum

146 1867 179 1897 in
201 1866 345 1904 confess.
362 1858 425 1902 111,
441 1866 480 1898 C.
502 1866 582 1902 VIII,
597 1867 629 1903 2
646 1867 773 1902 Sbene,
795 1874 880 1897 more
893 1874 962 1902 suo,
978 1866 1085 1898 decem
1101 1866 1290 1905 uniuslyrae

146 1908 270 1940 chordis
290 1907 421 1938 solerter
441 1909 614 1939 instructae
634 1910 807 1947 comparat.

210 1955 257 1994 (3)
276 1956 389 1986 amni.
411 1955 466 1986 Vti
488 1956 570 1995 apud
590 1957 723 1988 Graecos
743 1949 888 1998 ἓρῆμος,
915 1957 1050 1988 mediam
1073 1956 1208 2003 vocalem
1222 1955 1287 1986 lon-

146 2013 218 2042 gam
239 2002 323 2032 facit
334 2003 449 2035 noster.
467 2003 503 2034 V.
529 1996 623 2045 Ψοχ.
645 2006 705 2036 371
729 2008 762 2036 et
782 2007 930 2038 Iudicem
951 2007 1010 2038 111.

209 2044 256 2084 (4)
276 2045 450 2083 suspendit
469 2047 528 2084 qui
547 2048 644 2077 virus
664 2050 778 2087 temper
780 2052 829 2080 ·.ee
854 2049 888 2079 In
913 2058 971 2080 uno
992 2047 1097 2080 Vatic.
1113 2046 1288 2085 suspendit

146 2088 240 2117 virus
261 2088 300 2115 ut
319 2088 482 2124 temperet.
