<?xml version="1.0" encoding="UTF-8"?>
<!DOCTYPE html PUBLIC "-//W3C//DTD XHTML 1.0 Transitional//EN"
    "http://www.w3.org/TR/xhtml1/DTD/xhtml1-transitional.dtd">
<html xmlns="http://www.w3.org/1999/xhtml" xml:lang="en" lang="en">
 <head>
  <title>
</title>
<meta http-equiv="Content-Type" content="text/html;charset=utf-8" />
  <meta name='ocr-system' content='tesseract 3.04.00' />
  <meta name='ocr-capabilities' content='ocr_page ocr_carea ocr_par ocr_line ocrx_word'/>
</head>
<body>
  <div class='ocr_page' id='page_1' title='image "./operaprud00pruduoft/operaprud00pruduoft_0096.png"; bbox 0 0 1566 2482; ppageno 0'>
   <div class='ocr_carea' id='block_1_1' title="bbox 924 0 1566 160">
    <p class='ocr_par' dir='ltr' id='par_1_1' title="bbox 924 0 1566 160">
     <span class='ocr_line' id='line_1_1' title="bbox 924 0 1566 160; baseline 0 2322"><span class='ocrx_word' id='word_1_1' title='bbox 924 0 1566 160; x_wconf 95' lang='lat' dir='ltr'><strong> </strong></span> 
     </span>
    </p>
   </div>
   <div class='ocr_carea' id='block_1_2' title="bbox 307 150 1069 192">
    <p class='ocr_par' dir='ltr' id='par_1_2' title="bbox 307 150 1069 192">
     <span class='ocr_line' id='line_1_2' title="bbox 307 150 1069 192; baseline 0.007 -5"><span class='ocrx_word' id='word_1_2' title='bbox 307 150 356 187; x_wconf 80' lang='lat'><strong>92</strong></span> <span class='ocrx_word' id='word_1_3' title='bbox 681 162 831 191; x_wconf 71' lang='lat' dir='ltr'><strong>Avnnmi</strong></span> <span class='ocrx_word' id='word_1_4' title='bbox 868 163 1069 192; x_wconf 70' lang='lat' dir='ltr'><strong>annnwrn</strong></span> 
     </span>
    </p>
   </div>
   <div class='ocr_carea' id='block_1_3' title="bbox 311 224 384 230">
    <p class='ocr_par' dir='ltr' id='par_1_3' title="bbox 311 224 384 230">
     <span class='ocr_line' id='line_1_3' title="bbox 311 224 384 230; baseline 0 0"><span class='ocrx_word' id='word_1_5' title='bbox 311 224 384 230; x_wconf 95' lang='lat' dir='ltr'><strong> </strong></span> 
     </span>
    </p>
   </div>
   <div class='ocr_carea' id='block_1_4' title="bbox 296 268 1440 965">
    <p class='ocr_par' dir='ltr' id='par_1_4' title="bbox 304 268 1251 321">
     <span class='ocr_line' id='line_1_4' title="bbox 304 268 1251 321; baseline 0.005 -15"><span class='ocrx_word' id='word_1_6' title='bbox 304 269 504 307; x_wconf 73' lang='lat' dir='ltr'><strong>Auctorem</strong></span> <span class='ocrx_word' id='word_1_7' title='bbox 530 268 697 307; x_wconf 83' lang='lat' dir='ltr'><strong>levitatis</strong></span> <span class='ocrx_word' id='word_1_8' title='bbox 725 269 852 317; x_wconf 86' lang='lat' dir='ltr'><strong>habet,</strong></span> <span class='ocrx_word' id='word_1_9' title='bbox 883 270 1049 309; x_wconf 82' lang='lat' dir='ltr'>rabidive</span> <span class='ocrx_word' id='word_1_10' title='bbox 1077 271 1251 321; x_wconf 84' lang='lat' dir='ltr'><strong>fragoris.</strong></span> 
     </span>
    </p>

    <p class='ocr_par' dir='ltr' id='par_1_5' title="bbox 300 322 1440 642">
     <span class='ocr_line' id='line_1_5' title="bbox 302 322 1366 376; baseline 0.007 -17"><span class='ocrx_word' id='word_1_11' title='bbox 302 322 410 360; x_wconf 88' lang='lat' dir='ltr'><strong>Mens</strong></span> <span class='ocrx_word' id='word_1_12' title='bbox 437 322 542 371; x_wconf 83' lang='lat' dir='ltr'><strong>vulgi</strong></span> <span class='ocrx_word' id='word_1_13' title='bbox 569 322 727 361; x_wconf 85' lang='lat' dir='ltr'><strong>rationis</strong></span> <span class='ocrx_word' id='word_1_14' title='bbox 756 323 878 371; x_wconf 88' lang='lat' dir='ltr'><strong>inops,</strong></span> <span class='ocrx_word' id='word_1_15' title='bbox 909 335 987 363; x_wconf 92' lang='lat' dir='ltr'><strong>non</strong></span> <span class='ocrx_word' id='word_1_16' title='bbox 1014 336 1146 365; x_wconf 85' lang='lat' dir='ltr'><strong>cursus</strong></span> <span class='ocrx_word' id='word_1_17' title='bbox 1174 338 1366 376; x_wconf 87' lang='lat' dir='ltr'><strong>equorum,</strong></span> 
     </span>
     <span class='ocr_line' id='line_1_6' title="bbox 304 375 1440 425; baseline 0.008 -13"><span class='ocrx_word' id='word_1_18' title='bbox 304 375 490 413; x_wconf 85' lang='lat' dir='ltr'><strong>Perfurit:</strong></span> <span class='ocrx_word' id='word_1_19' title='bbox 522 375 656 414; x_wconf 87' lang='lat' dir='ltr'><strong>infami</strong></span> <span class='ocrx_word' id='word_1_20' title='bbox 684 377 807 416; x_wconf 85' lang='lat' dir='ltr'><strong>studio</strong></span> <span class='ocrx_word' id='word_1_21' title='bbox 833 377 931 425; x_wconf 86' lang='lat' dir='ltr'><strong>perit</strong></span> <span class='ocrx_word' id='word_1_22' title='bbox 956 378 1049 417; x_wconf 88' lang='lat' dir='ltr'><strong>utile</strong></span> <span class='ocrx_word' id='word_1_23' title='bbox 1077 379 1229 419; x_wconf 88' lang='lat' dir='ltr'><strong>donum.</strong></span> <span class='ocrx_word' id='word_1_24' title='bbox 1362 382 1440 420; x_wconf 84' lang='lat'><strong>365</strong></span> 
     </span>
     <span class='ocr_line' id='line_1_7' title="bbox 301 429 1434 484; baseline 0.006 -17"><span class='ocrx_word' id='word_1_25' title='bbox 301 429 362 467; x_wconf 86' lang='lat' dir='ltr'><strong>Sic</strong></span> <span class='ocrx_word' id='word_1_26' title='bbox 389 430 702 468; x_wconf 86' lang='lat' dir='ltr'><strong>Lacedaemonias</strong></span> <span class='ocrx_word' id='word_1_27' title='bbox 730 431 808 471; x_wconf 89' lang='lat' dir='ltr'><strong>oleo</strong></span> <span class='ocrx_word' id='word_1_28' title='bbox 836 431 1024 470; x_wconf 79' lang='lat' dir='ltr'><strong>maduisse</strong></span> <span class='ocrx_word' id='word_1_29' title='bbox 1051 433 1237 480; x_wconf 84' lang='lat' dir='ltr'><strong>palestras</strong></span> <span class='ocrx_word' id='word_1_30' title='bbox 1266 434 1326 484; x_wconf 89' lang='lat'><strong>(1)</strong></span> <span class='ocrx_word' id='word_1_31' title='bbox 1430 437 1434 441; x_wconf 83' lang='lat'>&#39;</span> 
     </span>
     <span class='ocr_line' id='line_1_8' title="bbox 302 482 1387 532; baseline 0.006 -11"><span class='ocrx_word' id='word_1_32' title='bbox 302 482 500 531; x_wconf 84' lang='lat' dir='ltr'><strong>Novimus,</strong></span> <span class='ocrx_word' id='word_1_33' title='bbox 528 485 566 522; x_wconf 88' lang='lat' dir='ltr'><strong>et</strong></span> <span class='ocrx_word' id='word_1_34' title='bbox 591 484 780 532; x_wconf 86' lang='lat' dir='ltr'><strong>placidum</strong></span> <span class='ocrx_word' id='word_1_35' title='bbox 808 485 944 524; x_wconf 84' lang='lat' dir='ltr'><strong>servire</strong></span> <span class='ocrx_word' id='word_1_36' title='bbox 962 486 1010 524; x_wconf 87' lang='lat' dir='ltr'><strong>ad</strong></span> <span class='ocrx_word' id='word_1_37' title='bbox 1037 486 1196 526; x_wconf 86' lang='lat' dir='ltr'><strong>crimina</strong></span> <span class='ocrx_word' id='word_1_38' title='bbox 1223 499 1387 527; x_wconf 85' lang='lat' dir='ltr'><strong>succum.</strong></span> 
     </span>
     <span class='ocr_line' id='line_1_9' title="bbox 301 537 1286 590; baseline 0.006 -16"><span class='ocrx_word' id='word_1_39' title='bbox 301 537 395 574; x_wconf 87' lang='lat' dir='ltr'><strong>Inde</strong></span> <span class='ocrx_word' id='word_1_40' title='bbox 422 548 487 585; x_wconf 87' lang='lat' dir='ltr'><strong>per</strong></span> <span class='ocrx_word' id='word_1_41' title='bbox 514 537 655 576; x_wconf 76' lang='lat' dir='ltr'><strong>aerium</strong></span> <span class='ocrx_word' id='word_1_42' title='bbox 685 539 734 586; x_wconf 80' lang='lat'><strong>(2)</strong></span> <span class='ocrx_word' id='word_1_43' title='bbox 765 539 931 587; x_wconf 83' lang='lat' dir='ltr'><strong>pendens</strong></span> <span class='ocrx_word' id='word_1_44' title='bbox 958 540 1117 579; x_wconf 86' lang='lat' dir='ltr'><strong>audacia</strong></span> <span class='ocrx_word' id='word_1_45' title='bbox 1144 541 1286 590; x_wconf 85' lang='lat' dir='ltr'><strong>funem,</strong></span> 
     </span>
     <span class='ocr_line' id='line_1_10' title="bbox 300 590 1178 642; baseline 0.007 -15"><span class='ocrx_word' id='word_1_46' title='bbox 300 590 431 628; x_wconf 83' lang='lat' dir='ltr'><strong>Ardua</strong></span> <span class='ocrx_word' id='word_1_47' title='bbox 458 590 598 629; x_wconf 88' lang='lat' dir='ltr'><strong>securis</strong></span> <span class='ocrx_word' id='word_1_48' title='bbox 626 592 775 630; x_wconf 86' lang='lat' dir='ltr'><strong>scandit</strong></span> <span class='ocrx_word' id='word_1_49' title='bbox 801 594 995 641; x_wconf 88' lang='lat' dir='ltr'><strong>proscenia</strong></span> <span class='ocrx_word' id='word_1_50' title='bbox 1022 594 1178 642; x_wconf 85' lang='lat' dir='ltr'><strong>plantis.</strong></span> 
     </span>
    </p>

    <p class='ocr_par' dir='ltr' id='par_1_6' title="bbox 296 643 1438 965">
     <span class='ocr_line' id='line_1_11' title="bbox 300 643 1437 696; baseline 0.005 -15"><span class='ocrx_word' id='word_1_51' title='bbox 300 643 395 682; x_wconf 90' lang='lat' dir='ltr'><strong>Inde</strong></span> <span class='ocrx_word' id='word_1_52' title='bbox 423 644 521 683; x_wconf 86' lang='lat' dir='ltr'><strong>feras</strong></span> <span class='ocrx_word' id='word_1_53' title='bbox 549 644 691 683; x_wconf 87' lang='lat' dir='ltr'><strong>volucri</strong></span> <span class='ocrx_word' id='word_1_54' title='bbox 721 645 780 695; x_wconf 88' lang='lat'><strong>(3)</strong></span> <span class='ocrx_word' id='word_1_55' title='bbox 809 647 1006 686; x_wconf 87' lang='lat' dir='ltr'><strong>temeraria</strong></span> <span class='ocrx_word' id='word_1_56' title='bbox 1033 659 1186 696; x_wconf 83' lang='lat' dir='ltr'><strong>corpora</strong></span> <span class='ocrx_word' id='word_1_57' title='bbox 1213 649 1316 687; x_wconf 86' lang='lat' dir='ltr'><strong>saltu</strong></span> <span class='ocrx_word' id='word_1_58' title='bbox 1359 649 1437 687; x_wconf 84' lang='lat'><strong>370</strong></span> 
     </span>
     <span class='ocr_line' id='line_1_12' title="bbox 300 697 1333 747; baseline 0.007 -13"><span class='ocrx_word' id='word_1_59' title='bbox 300 697 551 745; x_wconf 84' lang='lat' dir='ltr'><strong>Transiliunt‚</strong></span> <span class='ocrx_word' id='word_1_60' title='bbox 580 699 782 747; x_wconf 86' lang='lat' dir='ltr'><strong>mortisque</strong></span> <span class='ocrx_word' id='word_1_61' title='bbox 811 702 909 739; x_wconf 86' lang='lat' dir='ltr'><strong>inter</strong></span> <span class='ocrx_word' id='word_1_62' title='bbox 936 701 1155 740; x_wconf 82' lang='lat' dir='ltr'><strong>discrimina</strong></span> <span class='ocrx_word' id='word_1_63' title='bbox 1182 703 1333 741; x_wconf 89' lang='lat' dir='ltr'><strong>ludunt.</strong></span> 
     </span>
     <span class='ocr_line' id='line_1_13' title="bbox 298 751 1226 803; baseline 0.006 -15"><span class='ocrx_word' id='word_1_64' title='bbox 298 751 503 799; x_wconf 83' lang='lat' dir='ltr'><strong>Sanguinis</strong></span> <span class='ocrx_word' id='word_1_65' title='bbox 532 752 687 790; x_wconf 85' lang='lat' dir='ltr'><strong>humani</strong></span> <span class='ocrx_word' id='word_1_66' title='bbox 715 755 931 801; x_wconf 82' lang='lat' dir='ltr'><strong>spectacula</strong></span> <span class='ocrx_word' id='word_1_67' title='bbox 948 755 1121 803; x_wconf 86' lang='lat' dir='ltr'><strong>publicus</strong></span> <span class='ocrx_word' id='word_1_68' title='bbox 1148 756 1226 794; x_wconf 88' lang='lat' dir='ltr'><strong>edit</strong></span> 
     </span>
     <span class='ocr_line' id='line_1_14' title="bbox 300 804 1201 857; baseline 0.006 -15"><span class='ocrx_word' id='word_1_69' title='bbox 300 804 528 852; x_wconf 81' lang='lat' dir='ltr'><strong>consensus,</strong></span> <span class='ocrx_word' id='word_1_70' title='bbox 559 805 733 855; x_wconf 82' lang='lat' dir='ltr'><strong>legesque</strong></span> <span class='ocrx_word' id='word_1_71' title='bbox 761 807 891 845; x_wconf 89' lang='lat' dir='ltr'><strong>iubent</strong></span> <span class='ocrx_word' id='word_1_72' title='bbox 918 809 1048 847; x_wconf 86' lang='lat' dir='ltr'><strong>venale</strong></span> <span class='ocrx_word' id='word_1_73' title='bbox 1075 809 1201 857; x_wconf 86' lang='lat' dir='ltr'><strong>parari</strong></span> 
     </span>
     <span class='ocr_line' id='line_1_15' title="bbox 296 858 1438 911; baseline 0.005 -15"><span class='ocrx_word' id='word_1_74' title='bbox 296 858 541 906; x_wconf 83' lang='lat' dir='ltr'><strong>Supplicium,</strong></span> <span class='ocrx_word' id='word_1_75' title='bbox 564 871 636 907; x_wconf 89' lang='lat' dir='ltr'><strong>quo</strong></span> <span class='ocrx_word' id='word_1_76' title='bbox 654 861 820 899; x_wconf 89' lang='lat' dir='ltr'><strong>membra</strong></span> <span class='ocrx_word' id='word_1_77' title='bbox 839 861 1033 900; x_wconf 89' lang='lat' dir='ltr'><strong>hominum</strong></span> <span class='ocrx_word' id='word_1_78' title='bbox 1061 863 1246 911; x_wconf 83' lang='lat' dir='ltr'><strong>discerpta</strong></span> <span class='ocrx_word' id='word_1_79' title='bbox 1274 862 1438 902; x_wconf 80' lang='lat' dir='ltr'><strong>cruentis</strong></span> 
     </span>
     <span class='ocr_line' id='line_1_16' title="bbox 296 912 1437 965; baseline 0.005 -15"><span class='ocrx_word' id='word_1_80' title='bbox 296 912 483 951; x_wconf 87' lang='lat' dir='ltr'><strong>Morsibus</strong></span> <span class='ocrx_word' id='word_1_81' title='bbox 503 913 688 952; x_wconf 86' lang='lat' dir='ltr'><strong>oblectent</strong></span> <span class='ocrx_word' id='word_1_82' title='bbox 707 914 863 953; x_wconf 83' lang='lat' dir='ltr'><strong>hilarem</strong></span> <span class='ocrx_word' id='word_1_83' title='bbox 876 914 936 965; x_wconf 87' lang='lat'><strong>(4)</strong></span> <span class='ocrx_word' id='word_1_84' title='bbox 951 916 993 954; x_wconf 85' lang='lat' dir='ltr'><strong>de</strong></span> <span class='ocrx_word' id='word_1_85' title='bbox 1014 916 1143 955; x_wconf 84' lang='lat' dir='ltr'><strong>funere</strong></span> <span class='ocrx_word' id='word_1_86' title='bbox 1157 917 1315 965; x_wconf 80' lang='lat' dir='ltr'><strong>plebem.</strong></span> <span class='ocrx_word' id='word_1_87' title='bbox 1359 917 1437 955; x_wconf 85' lang='lat'><strong>375</strong></span> 
     </span>
    </p>
   </div>
   <div class='ocr_carea' id='block_1_5' title="bbox 291 1013 1438 1726">
    <p class='ocr_par' dir='ltr' id='par_1_7' title="bbox 295 1013 1438 1217">
     <span class='ocr_line' id='line_1_17' title="bbox 295 1013 1437 1057; baseline 0.006 -15"><span class='ocrx_word' id='word_1_88' title='bbox 295 1013 310 1043; x_wconf 94' lang='lat' dir='ltr'>I</span> <span class='ocrx_word' id='word_1_89' title='bbox 335 1013 425 1051; x_wconf 73' lang='lat' dir='ltr'><strong>Eley.</strong></span> <span class='ocrx_word' id='word_1_90' title='bbox 448 1013 478 1043; x_wconf 94' lang='lat' dir='ltr'>X</span> <span class='ocrx_word' id='word_1_91' title='bbox 500 1013 572 1044; x_wconf 88' lang='lat' dir='ltr'><strong>init.</strong></span> <span class='ocrx_word' id='word_1_92' title='bbox 597 1031 635 1036; x_wconf 85' lang='lat'><strong>—-</strong></span> <span class='ocrx_word' id='word_1_93' title='bbox 659 1016 792 1046; x_wconf 72' lang='lat' dir='ltr'><strong>vesania</strong></span> <span class='ocrx_word' id='word_1_94' title='bbox 813 1016 911 1047; x_wconf 80' lang='lat' dir='ltr'><strong>Circi.</strong></span> <span class='ocrx_word' id='word_1_95' title='bbox 936 1017 972 1046; x_wconf 88' lang='lat' dir='ltr'><strong>In</strong></span> <span class='ocrx_word' id='word_1_96' title='bbox 994 1017 1076 1047; x_wconf 87' lang='lat' dir='ltr'><strong>ludis</strong></span> <span class='ocrx_word' id='word_1_97' title='bbox 1099 1017 1292 1048; x_wconf 82' lang='lat' dir='ltr'><strong>Circensibus</strong></span> <span class='ocrx_word' id='word_1_98' title='bbox 1306 1018 1437 1057; x_wconf 82' lang='lat' dir='ltr'><strong>populus</strong></span> 
     </span>
     <span class='ocr_line' id='line_1_18' title="bbox 295 1055 1437 1096; baseline 0.006 -12"><span class='ocrx_word' id='word_1_99' title='bbox 295 1055 411 1090; x_wconf 85' lang='lat' dir='ltr'><strong>coibat,</strong></span> <span class='ocrx_word' id='word_1_100' title='bbox 435 1055 618 1093; x_wconf 80' lang='lat' dir='ltr'><strong>favebatque</strong></span> <span class='ocrx_word' id='word_1_101' title='bbox 633 1056 796 1093; x_wconf 84' lang='lat' dir='ltr'><strong>Russatae,</strong></span> <span class='ocrx_word' id='word_1_102' title='bbox 820 1059 876 1087; x_wconf 84' lang='lat' dir='ltr'><strong>aut</strong></span> <span class='ocrx_word' id='word_1_103' title='bbox 891 1058 1047 1094; x_wconf 81' lang='lat' dir='ltr'><strong>Prasinae‚</strong></span> <span class='ocrx_word' id='word_1_104' title='bbox 1067 1059 1214 1096; x_wconf 81' lang='lat' dir='ltr'><strong>Venetae,</strong></span> <span class='ocrx_word' id='word_1_105' title='bbox 1231 1061 1286 1090; x_wconf 79' lang='lat' dir='ltr'><strong>aut</strong></span> <span class='ocrx_word' id='word_1_106' title='bbox 1307 1059 1437 1091; x_wconf 76' lang='lat' dir='ltr'><strong>Albutne</strong></span> 
     </span>
     <span class='ocr_line' id='line_1_19' title="bbox 295 1096 1438 1138; baseline 0.006 -13"><span class='ocrx_word' id='word_1_107' title='bbox 295 1096 425 1126; x_wconf 77' lang='lat' dir='ltr'><strong>factioni</strong></span> <span class='ocrx_word' id='word_1_108' title='bbox 436 1097 654 1133; x_wconf 78' lang='lat' dir='ltr'><strong>aurigationis,</strong></span> <span class='ocrx_word' id='word_1_109' title='bbox 673 1099 705 1128; x_wconf 83' lang='lat' dir='ltr'><strong>et</strong></span> <span class='ocrx_word' id='word_1_110' title='bbox 721 1099 876 1129; x_wconf 85' lang='lat' dir='ltr'><strong>interdum</strong></span> <span class='ocrx_word' id='word_1_111' title='bbox 889 1101 977 1130; x_wconf 82' lang='lat' dir='ltr'><strong>aestu</strong></span> <span class='ocrx_word' id='word_1_112' title='bbox 993 1101 1137 1138; x_wconf 81' lang='lat' dir='ltr'><strong>abreptus</strong></span> <span class='ocrx_word' id='word_1_113' title='bbox 1149 1101 1324 1131; x_wconf 84' lang='lat' dir='ltr'><strong>inconditos</strong></span> <span class='ocrx_word' id='word_1_114' title='bbox 1335 1102 1438 1132; x_wconf 73' lang='lat' dir='ltr'><strong>ciebat</strong></span> 
     </span>
     <span class='ocr_line' id='line_1_20' title="bbox 295 1137 1434 1180; baseline 0.005 -13"><span class='ocrx_word' id='word_1_115' title='bbox 295 1137 461 1169; x_wconf 79' lang='lat' dir='ltr'><strong>tumultus.</strong></span> <span class='ocrx_word' id='word_1_116' title='bbox 486 1139 528 1168; x_wconf 88' lang='lat' dir='ltr'><strong>De</strong></span> <span class='ocrx_word' id='word_1_117' title='bbox 550 1139 631 1168; x_wconf 85' lang='lat' dir='ltr'><strong>ludis</strong></span> <span class='ocrx_word' id='word_1_118' title='bbox 652 1139 734 1170; x_wconf 79' lang='lat' dir='ltr'><strong>Circi</strong></span> <span class='ocrx_word' id='word_1_119' title='bbox 756 1141 792 1172; x_wconf 90' lang='lat' dir='ltr'><strong>V.</strong></span> <span class='ocrx_word' id='word_1_120' title='bbox 817 1141 906 1172; x_wconf 66' lang='lat' dir='ltr'><strong>Prin.</strong></span> <span class='ocrx_word' id='word_1_121' title='bbox 922 1142 993 1174; x_wconf 70' lang='lat' dir='ltr'><strong>Im.</strong></span> <span class='ocrx_word' id='word_1_122' title='bbox 1017 1142 1123 1180; x_wconf 78' lang='lat' dir='ltr'><strong>Epist.</strong></span> <span class='ocrx_word' id='word_1_123' title='bbox 1148 1143 1216 1173; x_wconf 87' lang='lat' dir='ltr'><strong>Lib.</strong></span> <span class='ocrx_word' id='word_1_124' title='bbox 1240 1143 1296 1180; x_wconf 78' lang='lat' dir='ltr'><strong>IX,</strong></span> <span class='ocrx_word' id='word_1_125' title='bbox 1320 1143 1352 1179; x_wconf 84' lang='lat'><strong>6,</strong></span> <span class='ocrx_word' id='word_1_126' title='bbox 1376 1143 1434 1180; x_wconf 73' lang='lat'><strong>513</strong></span> 
     </span>
     <span class='ocr_line' id='line_1_21' title="bbox 295 1180 680 1217; baseline 0.01 -9"><span class='ocrx_word' id='word_1_127' title='bbox 295 1180 390 1210; x_wconf 79' lang='lat' dir='ltr'>TVLL.</span> <span class='ocrx_word' id='word_1_128' title='bbox 413 1180 537 1210; x_wconf 81' lang='lat' dir='ltr'><strong>Famil.</strong></span> <span class='ocrx_word' id='word_1_129' title='bbox 561 1181 626 1217; x_wconf 79' lang='lat' dir='ltr'><strong>vn,</strong></span> <span class='ocrx_word' id='word_1_130' title='bbox 651 1181 680 1213; x_wconf 87' lang='lat'><strong>1.</strong></span> 
     </span>
    </p>

    <p class='ocr_par' dir='ltr' id='par_1_8' title="bbox 291 1221 1436 1469">
     <span class='ocr_line' id='line_1_22' title="bbox 355 1221 1434 1263; baseline 0.006 -13"><span class='ocrx_word' id='word_1_131' title='bbox 355 1221 401 1259; x_wconf 93' lang='lat' dir='ltr'><strong>(l)</strong></span> <span class='ocrx_word' id='word_1_132' title='bbox 425 1222 479 1251; x_wconf 77' lang='lat' dir='ltr'><strong>Sic</strong></span> <span class='ocrx_word' id='word_1_133' title='bbox 491 1222 768 1259; x_wconf 72' lang='lat' dir='ltr'><strong>Lacedaemonias</strong></span> <span class='ocrx_word' id='word_1_134' title='bbox 778 1224 845 1254; x_wconf 80' lang='lat' dir='ltr'><strong>oleo</strong></span> <span class='ocrx_word' id='word_1_135' title='bbox 860 1226 922 1255; x_wconf 87' lang='lat' dir='ltr'><strong>ete.</strong></span> <span class='ocrx_word' id='word_1_136' title='bbox 936 1224 1066 1262; x_wconf 85' lang='lat' dir='ltr'><strong>Pinguis</strong></span> <span class='ocrx_word' id='word_1_137' title='bbox 1081 1225 1179 1256; x_wconf 78' lang='lat' dir='ltr'><strong>olivae</strong></span> <span class='ocrx_word' id='word_1_138' title='bbox 1194 1225 1324 1263; x_wconf 87' lang='lat' dir='ltr'><strong>liquoris</strong></span> <span class='ocrx_word' id='word_1_139' title='bbox 1335 1226 1434 1256; x_wconf 75' lang='lat' dir='ltr'><strong>maxi-</strong></span> 
     </span>
     <span class='ocr_line' id='line_1_23' title="bbox 295 1260 1436 1306; baseline 0.006 -15"><span class='ocrx_word' id='word_1_140' title='bbox 295 1271 363 1292; x_wconf 90' lang='lat' dir='ltr'><strong>mus</strong></span> <span class='ocrx_word' id='word_1_141' title='bbox 384 1260 457 1292; x_wconf 88' lang='lat' dir='ltr'><strong>usus</strong></span> <span class='ocrx_word' id='word_1_142' title='bbox 478 1263 511 1292; x_wconf 91' lang='lat' dir='ltr'><strong>in</strong></span> <span class='ocrx_word' id='word_1_143' title='bbox 532 1263 686 1302; x_wconf 79' lang='lat' dir='ltr'><strong>palaestra</strong></span> <span class='ocrx_word' id='word_1_144' title='bbox 709 1265 781 1296; x_wconf 84' lang='lat' dir='ltr'><strong>fuit.</strong></span> <span class='ocrx_word' id='word_1_145' title='bbox 806 1266 1009 1303; x_wconf 78' lang='lat' dir='ltr'><strong>Ungebantur</strong></span> <span class='ocrx_word' id='word_1_146' title='bbox 1029 1267 1114 1297; x_wconf 87' lang='lat' dir='ltr'><strong>enim</strong></span> <span class='ocrx_word' id='word_1_147' title='bbox 1142 1267 1357 1306; x_wconf 78' lang='lat' dir='ltr'><strong>palaestritae,</strong></span> <span class='ocrx_word' id='word_1_148' title='bbox 1374 1276 1436 1306; x_wconf 88' lang='lat' dir='ltr'><strong>quo</strong></span> 
     </span>
     <span class='ocr_line' id='line_1_24' title="bbox 293 1303 1433 1343; baseline 0.007 -11"><span class='ocrx_word' id='word_1_149' title='bbox 293 1303 460 1334; x_wconf 82' lang='lat' dir='ltr'><strong>validiores</strong></span> <span class='ocrx_word' id='word_1_150' title='bbox 482 1305 596 1342; x_wconf 82' lang='lat' dir='ltr'><strong>forent,</strong></span> <span class='ocrx_word' id='word_1_151' title='bbox 619 1307 711 1343; x_wconf 83' lang='lat' dir='ltr'><strong>atque</strong></span> <span class='ocrx_word' id='word_1_152' title='bbox 744 1316 781 1337; x_wconf 86' lang='lat' dir='ltr'><strong>ex</strong></span> <span class='ocrx_word' id='word_1_153' title='bbox 816 1308 986 1338; x_wconf 79' lang='lat' dir='ltr'><strong>adversarii</strong></span> <span class='ocrx_word' id='word_1_154' title='bbox 1017 1309 1160 1339; x_wconf 83' lang='lat' dir='ltr'><strong>manibus</strong></span> <span class='ocrx_word' id='word_1_155' title='bbox 1188 1309 1312 1340; x_wconf 80' lang='lat' dir='ltr'><strong>facilius</strong></span> <span class='ocrx_word' id='word_1_156' title='bbox 1334 1310 1433 1340; x_wconf 80' lang='lat' dir='ltr'><strong>elabe-</strong></span> 
     </span>
     <span class='ocr_line' id='line_1_25' title="bbox 293 1346 1434 1390; baseline 0.007 -16"><span class='ocrx_word' id='word_1_157' title='bbox 293 1346 412 1376; x_wconf 79' lang='lat' dir='ltr'><strong>rentur.</strong></span> <span class='ocrx_word' id='word_1_158' title='bbox 436 1346 518 1376; x_wconf 89' lang='lat' dir='ltr'><strong>Hinc</strong></span> <span class='ocrx_word' id='word_1_159' title='bbox 549 1347 630 1385; x_wconf 80' lang='lat' dir='ltr'><strong>apud</strong></span> <span class='ocrx_word' id='word_1_160' title='bbox 664 1347 801 1380; x_wconf 71' lang='lat' dir='ltr'><strong>CA&#39;rvm„</strong></span> <span class='ocrx_word' id='word_1_161' title='bbox 839 1349 959 1387; x_wconf 79' lang='lat' dir='ltr'><strong>(Epigr.</strong></span> <span class='ocrx_word' id='word_1_162' title='bbox 983 1349 1098 1386; x_wconf 84' lang='lat' dir='ltr'>LXIII,</span> <span class='ocrx_word' id='word_1_163' title='bbox 1121 1351 1175 1390; x_wconf 79' lang='lat'><strong>65)</strong></span> <span class='ocrx_word' id='word_1_164' title='bbox 1198 1350 1296 1390; x_wconf 72' lang='lat' dir='ltr'><strong>Atys:</strong></span> <span class='ocrx_word' id='word_1_165' title='bbox 1321 1361 1341 1380; x_wconf 86' lang='lat'>«</span> <span class='ocrx_word' id='word_1_166' title='bbox 1368 1351 1434 1388; x_wconf 73' lang='lat' dir='ltr'><strong>Ego</strong></span> 
     </span>
     <span class='ocr_line' id='line_1_26' title="bbox 292 1386 1430 1428; baseline 0.006 -12"><span class='ocrx_word' id='word_1_167' title='bbox 292 1386 438 1424; x_wconf 86' lang='lat' dir='ltr'><strong>ephebus,</strong></span> <span class='ocrx_word' id='word_1_168' title='bbox 461 1396 516 1425; x_wconf 87' lang='lat' dir='ltr'><strong>ego</strong></span> <span class='ocrx_word' id='word_1_169' title='bbox 531 1397 618 1426; x_wconf 89' lang='lat' dir='ltr'><strong>puer,</strong></span> <span class='ocrx_word' id='word_1_170' title='bbox 635 1389 699 1426; x_wconf 86' lang='lat' dir='ltr'><strong>Ego</strong></span> <span class='ocrx_word' id='word_1_171' title='bbox 721 1391 874 1427; x_wconf 80' lang='lat' dir='ltr'><strong>gymnasii</strong></span> <span class='ocrx_word' id='word_1_172' title='bbox 890 1390 934 1421; x_wconf 84' lang='lat' dir='ltr'><strong>fui</strong></span> <span class='ocrx_word' id='word_1_173' title='bbox 957 1391 1026 1428; x_wconf 79' lang='lat' dir='ltr'><strong>flos,</strong></span> <span class='ocrx_word' id='word_1_174' title='bbox 1042 1400 1098 1428; x_wconf 84' lang='lat' dir='ltr'><strong>ego</strong></span> <span class='ocrx_word' id='word_1_175' title='bbox 1109 1400 1195 1422; x_wconf 81' lang='lat' dir='ltr'><strong>eram</strong></span> <span class='ocrx_word' id='word_1_176' title='bbox 1216 1392 1310 1423; x_wconf 84' lang='lat' dir='ltr'><strong>decus</strong></span> <span class='ocrx_word' id='word_1_177' title='bbox 1324 1392 1383 1423; x_wconf 90' lang='lat' dir='ltr'><strong>olei</strong></span> <span class='ocrx_word' id='word_1_178' title='bbox 1399 1404 1430 1423; x_wconf 87' lang='lat'><strong>».</strong></span> 
     </span>
     <span class='ocr_line' id='line_1_27' title="bbox 291 1429 1312 1469; baseline 0.006 -11"><span class='ocrx_word' id='word_1_179' title='bbox 291 1429 342 1458; x_wconf 84' lang='lat' dir='ltr'><strong>Ita</strong></span> <span class='ocrx_word' id='word_1_180' title='bbox 364 1429 541 1468; x_wconf 30' lang='lat' dir='ltr'><strong>iuven-culus</strong></span> <span class='ocrx_word' id='word_1_181' title='bbox 563 1431 699 1468; x_wconf 85' lang='lat' dir='ltr'><strong>patriam</strong></span> <span class='ocrx_word' id='word_1_182' title='bbox 720 1432 890 1469; x_wconf 77' lang='lat' dir='ltr'><strong>alloquitur</strong></span> <span class='ocrx_word' id='word_1_183' title='bbox 910 1434 1028 1463; x_wconf 79' lang='lat' dir='ltr'><strong>moesta</strong></span> <span class='ocrx_word' id='word_1_184' title='bbox 1049 1434 1206 1464; x_wconf 85' lang='lat' dir='ltr'><strong>miseriter</strong></span> <span class='ocrx_word' id='word_1_185' title='bbox 1226 1442 1312 1465; x_wconf 82' lang='lat' dir='ltr'><strong>voce.</strong></span> 
     </span>
    </p>

    <p class='ocr_par' dir='ltr' id='par_1_9' title="bbox 291 1471 1433 1601">
     <span class='ocr_line' id='line_1_28' title="bbox 356 1471 1432 1512; baseline 0.007 -13"><span class='ocrx_word' id='word_1_186' title='bbox 356 1471 400 1509; x_wconf 83' lang='lat'><strong>(2)</strong></span> <span class='ocrx_word' id='word_1_187' title='bbox 424 1471 507 1511; x_wconf 69' lang='lat' dir='ltr'><strong>Inde</strong></span> <span class='ocrx_word' id='word_1_188' title='bbox 523 1481 587 1510; x_wconf 80' lang='lat' dir='ltr'><strong>per</strong></span> <span class='ocrx_word' id='word_1_189' title='bbox 607 1474 737 1503; x_wconf 55' lang='lat' dir='ltr'><strong>aerium</strong></span> <span class='ocrx_word' id='word_1_190' title='bbox 758 1475 819 1504; x_wconf 85' lang='lat' dir='ltr'><strong>etc.</strong></span> <span class='ocrx_word' id='word_1_191' title='bbox 845 1474 923 1504; x_wconf 87' lang='lat' dir='ltr'><strong>Aliis</strong></span> <span class='ocrx_word' id='word_1_192' title='bbox 952 1476 1045 1512; x_wconf 85' lang='lat' dir='ltr'><strong>atque</strong></span> <span class='ocrx_word' id='word_1_193' title='bbox 1077 1475 1147 1505; x_wconf 79' lang='lat' dir='ltr'><strong>aliis</strong></span> <span class='ocrx_word' id='word_1_194' title='bbox 1179 1476 1280 1506; x_wconf 86' lang='lat' dir='ltr'><strong>verbis</strong></span> <span class='ocrx_word' id='word_1_195' title='bbox 1312 1475 1432 1506; x_wconf 80' lang='lat' dir='ltr'><strong>funam-</strong></span> 
     </span>
     <span class='ocr_line' id='line_1_29' title="bbox 291 1511 1433 1556; baseline 0.007 -16"><span class='ocrx_word' id='word_1_196' title='bbox 291 1511 410 1548; x_wconf 80' lang='lat' dir='ltr'><strong>bulum,</strong></span> <span class='ocrx_word' id='word_1_197' title='bbox 427 1513 580 1551; x_wconf 83' lang='lat' dir='ltr'><strong>designat,</strong></span> <span class='ocrx_word' id='word_1_198' title='bbox 597 1523 686 1551; x_wconf 89' lang='lat' dir='ltr'><strong>quem</strong></span> <span class='ocrx_word' id='word_1_199' title='bbox 702 1514 809 1547; x_wconf 76' lang='lat' dir='ltr'>Iver.</span> <span class='ocrx_word' id='word_1_200' title='bbox 827 1516 885 1552; x_wconf 83' lang='lat'>111,</span> <span class='ocrx_word' id='word_1_201' title='bbox 900 1517 937 1547; x_wconf 81' lang='lat'><strong>77</strong></span> <span class='ocrx_word' id='word_1_202' title='bbox 954 1516 1064 1546; x_wconf 82' lang='lat' dir='ltr'><strong>latinis</strong></span> <span class='ocrx_word' id='word_1_203' title='bbox 1079 1517 1195 1547; x_wconf 75' lang='lat' dir='ltr'><strong>litteris</strong></span> <span class='ocrx_word' id='word_1_204' title='bbox 1210 1517 1433 1556; x_wconf 80' lang='lat' dir='ltr'><strong>interpretatur</strong></span> 
     </span>
     <span class='ocr_line' id='line_1_30' title="bbox 292 1552 531 1601; baseline 0.013 -16"><span class='ocrx_word' id='word_1_205' title='bbox 292 1552 531 1601; x_wconf 78' lang='grc' dir='ltr'>σχοινοβάτην.</span> 
     </span>
    </p>

    <p class='ocr_par' dir='ltr' id='par_1_10' title="bbox 291 1602 1432 1726">
     <span class='ocr_line' id='line_1_31' title="bbox 353 1602 1432 1642; baseline 0.005 -10"><span class='ocrx_word' id='word_1_206' title='bbox 353 1602 398 1640; x_wconf 86' lang='grc'><strong>(3)</strong></span> <span class='ocrx_word' id='word_1_207' title='bbox 420 1602 502 1631; x_wconf 84' lang='lat' dir='ltr'><strong>Inde</strong></span> <span class='ocrx_word' id='word_1_208' title='bbox 523 1603 614 1640; x_wconf 80' lang='lat' dir='ltr'><strong>feras</strong></span> <span class='ocrx_word' id='word_1_209' title='bbox 637 1604 763 1634; x_wconf 75' lang='lat' dir='ltr'><strong>volucri</strong></span> <span class='ocrx_word' id='word_1_210' title='bbox 785 1605 845 1635; x_wconf 85' lang='lat' dir='ltr'><strong>etc.</strong></span> <span class='ocrx_word' id='word_1_211' title='bbox 871 1605 973 1635; x_wconf 85' lang='lat' dir='ltr'><strong>Ludos</strong></span> <span class='ocrx_word' id='word_1_212' title='bbox 994 1606 1198 1642; x_wconf 77' lang='lat' dir='ltr'><strong>gladiatorios</strong></span> <span class='ocrx_word' id='word_1_213' title='bbox 1213 1606 1367 1637; x_wconf 76' lang='lat' dir='ltr'><strong>vocabant</strong></span> <span class='ocrx_word' id='word_1_214' title='bbox 1379 1615 1432 1637; x_wconf 72' lang='lat' dir='ltr'><strong>ve-</strong></span> 
     </span>
     <span class='ocr_line' id='line_1_32' title="bbox 291 1643 1431 1686; baseline 0.006 -14"><span class='ocrx_word' id='word_1_215' title='bbox 291 1643 446 1680; x_wconf 77' lang='lat' dir='ltr'><strong>nationes,</strong></span> <span class='ocrx_word' id='word_1_216' title='bbox 470 1645 590 1681; x_wconf 88' lang='lat' dir='ltr'><strong>quoties</strong></span> <span class='ocrx_word' id='word_1_217' title='bbox 612 1647 693 1675; x_wconf 81' lang='lat' dir='ltr'><strong>servi</strong></span> <span class='ocrx_word' id='word_1_218' title='bbox 715 1655 784 1676; x_wconf 89' lang='lat' dir='ltr'><strong>cum</strong></span> <span class='ocrx_word' id='word_1_219' title='bbox 799 1647 896 1677; x_wconf 85' lang='lat' dir='ltr'><strong>servis</strong></span> <span class='ocrx_word' id='word_1_220' title='bbox 918 1647 957 1677; x_wconf 83' lang='lat' dir='ltr'><strong>ad</strong></span> <span class='ocrx_word' id='word_1_221' title='bbox 977 1648 1186 1686; x_wconf 77' lang='lat' dir='ltr'><strong>spectaculum</strong></span> <span class='ocrx_word' id='word_1_222' title='bbox 1208 1649 1241 1677; x_wconf 87' lang='lat' dir='ltr'><strong>in</strong></span> <span class='ocrx_word' id='word_1_223' title='bbox 1261 1657 1355 1679; x_wconf 74' lang='lat' dir='ltr'><strong>arena</strong></span> <span class='ocrx_word' id='word_1_224' title='bbox 1374 1657 1431 1686; x_wconf 88' lang='lat' dir='ltr'><strong>pu-</strong></span> 
     </span>
     <span class='ocr_line' id='line_1_33' title="bbox 292 1685 1430 1726; baseline 0.006 -13"><span class='ocrx_word' id='word_1_225' title='bbox 292 1685 418 1720; x_wconf 84' lang='lat' dir='ltr'><strong>gnaturi</strong></span> <span class='ocrx_word' id='word_1_226' title='bbox 441 1686 675 1721; x_wconf 79' lang='lat' dir='ltr'><strong>descenderent;</strong></span> <span class='ocrx_word' id='word_1_227' title='bbox 700 1689 755 1717; x_wconf 85' lang='lat' dir='ltr'><strong>aut</strong></span> <span class='ocrx_word' id='word_1_228' title='bbox 778 1688 916 1718; x_wconf 89' lang='lat' dir='ltr'><strong>homines</strong></span> <span class='ocrx_word' id='word_1_229' title='bbox 937 1697 1007 1719; x_wconf 85' lang='lat' dir='ltr'><strong>cum</strong></span> <span class='ocrx_word' id='word_1_230' title='bbox 1028 1689 1138 1719; x_wconf 86' lang='lat' dir='ltr'><strong>bestiis</strong></span> <span class='ocrx_word' id='word_1_231' title='bbox 1155 1689 1430 1726; x_wconf 76' lang='lat' dir='ltr'><strong>congrederentur.</strong></span> 
     </span>
    </p>
   </div>
   <div class='ocr_carea' id='block_1_6' title="bbox 244 1727 1435 1769">
    <p class='ocr_par' dir='ltr' id='par_1_11' title="bbox 244 1727 1435 1769">
     <span class='ocr_line' id='line_1_34' title="bbox 244 1727 1435 1769; baseline 0.005 -14"><span class='ocrx_word' id='word_1_232' title='bbox 244 1730 246 1733; x_wconf 80' lang='grc'><strong>“</strong></span> <span class='ocrx_word' id='word_1_233' title='bbox 291 1727 439 1756; x_wconf 84' lang='lat' dir='ltr'><strong>Bestiarii</strong></span> <span class='ocrx_word' id='word_1_234' title='bbox 472 1728 647 1758; x_wconf 80' lang='lat' dir='ltr'><strong>istiusmodi</strong></span> <span class='ocrx_word' id='word_1_235' title='bbox 669 1729 815 1759; x_wconf 80' lang='lat' dir='ltr'><strong>mortales</strong></span> <span class='ocrx_word' id='word_1_236' title='bbox 831 1729 1078 1768; x_wconf 78' lang='lat' dir='ltr'><strong>appellabantur,</strong></span> <span class='ocrx_word' id='word_1_237' title='bbox 1096 1739 1224 1768; x_wconf 87' lang='lat' dir='ltr'><strong>quorum</strong></span> <span class='ocrx_word' id='word_1_238' title='bbox 1239 1731 1355 1769; x_wconf 88' lang='lat' dir='ltr'><strong>duplex</strong></span> <span class='ocrx_word' id='word_1_239' title='bbox 1369 1731 1435 1762; x_wconf 73' lang='lat' dir='ltr'><strong>fuit</strong></span> 
     </span>
    </p>
   </div>
   <div class='ocr_carea' id='block_1_7' title="bbox 287 1770 1431 2142">
    <p class='ocr_par' dir='ltr' id='par_1_12' title="bbox 287 1770 1431 2054">
     <span class='ocr_line' id='line_1_35' title="bbox 291 1770 1429 1810; baseline 0.005 -13"><span class='ocrx_word' id='word_1_240' title='bbox 291 1776 404 1804; x_wconf 81' lang='lat' dir='ltr'><strong>genus:</strong></span> <span class='ocrx_word' id='word_1_241' title='bbox 428 1770 484 1798; x_wconf 87' lang='lat' dir='ltr'><strong>aut</strong></span> <span class='ocrx_word' id='word_1_242' title='bbox 497 1778 601 1799; x_wconf 88' lang='lat' dir='ltr'><strong>eorum</strong></span> <span class='ocrx_word' id='word_1_243' title='bbox 624 1771 676 1807; x_wconf 89' lang='lat' dir='ltr'><strong>qui</strong></span> <span class='ocrx_word' id='word_1_244' title='bbox 692 1779 760 1800; x_wconf 84' lang='lat' dir='ltr'><strong>cum</strong></span> <span class='ocrx_word' id='word_1_245' title='bbox 773 1771 931 1809; x_wconf 84' lang='lat' dir='ltr'><strong>pantheris</strong></span> <span class='ocrx_word' id='word_1_246' title='bbox 946 1773 1003 1802; x_wconf 82' lang='lat' dir='ltr'><strong>aut</strong></span> <span class='ocrx_word' id='word_1_247' title='bbox 1016 1772 1156 1803; x_wconf 89' lang='lat' dir='ltr'><strong>leonibus</strong></span> <span class='ocrx_word' id='word_1_248' title='bbox 1171 1772 1429 1810; x_wconf 77' lang='lat' dir='ltr'><strong>digladiarentur,</strong></span> 
     </span>
     <span class='ocr_line' id='line_1_36' title="bbox 290 1810 1430 1851; baseline 0.006 -13"><span class='ocrx_word' id='word_1_249' title='bbox 290 1810 429 1840; x_wconf 81' lang='lat' dir='ltr'><strong>mercede</strong></span> <span class='ocrx_word' id='word_1_250' title='bbox 443 1811 603 1846; x_wconf 77' lang='lat' dir='ltr'><strong>conducti3</strong></span> <span class='ocrx_word' id='word_1_251' title='bbox 621 1813 676 1841; x_wconf 82' lang='lat' dir='ltr'><strong>aut</strong></span> <span class='ocrx_word' id='word_1_252' title='bbox 691 1820 794 1842; x_wconf 81' lang='lat' dir='ltr'><strong>eorum</strong></span> <span class='ocrx_word' id='word_1_253' title='bbox 811 1814 863 1850; x_wconf 89' lang='lat' dir='ltr'><strong>qui</strong></span> <span class='ocrx_word' id='word_1_254' title='bbox 877 1813 937 1851; x_wconf 88' lang='lat' dir='ltr'><strong>ipsi</strong></span> <span class='ocrx_word' id='word_1_255' title='bbox 954 1813 1035 1843; x_wconf 89' lang='lat' dir='ltr'><strong>ultro</strong></span> <span class='ocrx_word' id='word_1_256' title='bbox 1049 1815 1169 1844; x_wconf 87' lang='lat' dir='ltr'><strong>torosos</strong></span> <span class='ocrx_word' id='word_1_257' title='bbox 1184 1814 1315 1844; x_wconf 81' lang='lat' dir='ltr'><strong>lacertos</strong></span> <span class='ocrx_word' id='word_1_258' title='bbox 1329 1815 1430 1845; x_wconf 88' lang='lat' dir='ltr'><strong>osten-</strong></span> 
     </span>
     <span class='ocr_line' id='line_1_37' title="bbox 289 1851 1431 1892; baseline 0.005 -12"><span class='ocrx_word' id='word_1_259' title='bbox 289 1851 378 1880; x_wconf 80' lang='lat' dir='ltr'><strong>tandi</strong></span> <span class='ocrx_word' id='word_1_260' title='bbox 399 1860 493 1882; x_wconf 83' lang='lat' dir='ltr'><strong>causa</strong></span> <span class='ocrx_word' id='word_1_261' title='bbox 507 1861 573 1882; x_wconf 88' lang='lat' dir='ltr'><strong>sose</strong></span> <span class='ocrx_word' id='word_1_262' title='bbox 595 1853 741 1883; x_wconf 80' lang='lat' dir='ltr'><strong>offerrent</strong></span> <span class='ocrx_word' id='word_1_263' title='bbox 763 1854 801 1884; x_wconf 77' lang='lat' dir='ltr'><strong>ad</strong></span> <span class='ocrx_word' id='word_1_264' title='bbox 822 1855 927 1892; x_wconf 88' lang='lat' dir='ltr'><strong>populi</strong></span> <span class='ocrx_word' id='word_1_265' title='bbox 956 1855 1204 1886; x_wconf 80' lang='lat' dir='ltr'><strong>oblectationem.</strong></span> <span class='ocrx_word' id='word_1_266' title='bbox 1236 1855 1280 1886; x_wconf 88' lang='lat' dir='ltr'><strong>Ob</strong></span> <span class='ocrx_word' id='word_1_267' title='bbox 1295 1855 1431 1886; x_wconf 74' lang='lat' dir='ltr'><strong>admissa</strong></span> 
     </span>
     <span class='ocr_line' id='line_1_38' title="bbox 288 1892 1431 1934; baseline 0.007 -12"><span class='ocrx_word' id='word_1_268' title='bbox 288 1892 404 1924; x_wconf 83' lang='lat' dir='ltr'><strong>scelera</strong></span> <span class='ocrx_word' id='word_1_269' title='bbox 426 1893 517 1924; x_wconf 86' lang='lat' dir='ltr'><strong>multi</strong></span> <span class='ocrx_word' id='word_1_270' title='bbox 539 1894 578 1924; x_wconf 82' lang='lat' dir='ltr'><strong>ad</strong></span> <span class='ocrx_word' id='word_1_271' title='bbox 600 1895 796 1926; x_wconf 83' lang='lat' dir='ltr'><strong>venationem</strong></span> <span class='ocrx_word' id='word_1_272' title='bbox 818 1896 1016 1933; x_wconf 79' lang='lat' dir='ltr'><strong>cogebantur.</strong></span> <span class='ocrx_word' id='word_1_273' title='bbox 1042 1896 1226 1934; x_wconf 87' lang='lat' dir='ltr'><strong>Plerumque</strong></span> <span class='ocrx_word' id='word_1_274' title='bbox 1249 1897 1287 1927; x_wconf 77' lang='lat' dir='ltr'><strong>ad</strong></span> <span class='ocrx_word' id='word_1_275' title='bbox 1311 1897 1431 1930; x_wconf 78' lang='lat' dir='ltr'><strong>bestias</strong></span> 
     </span>
     <span class='ocr_line' id='line_1_39' title="bbox 287 1933 1431 1977; baseline 0.005 -15"><span class='ocrx_word' id='word_1_276' title='bbox 287 1933 454 1964; x_wconf 82' lang='lat' dir='ltr'><strong>Christiani</strong></span> <span class='ocrx_word' id='word_1_277' title='bbox 477 1935 724 1973; x_wconf 70' lang='lat' dir='ltr'><strong>damnabantur,</strong></span> <span class='ocrx_word' id='word_1_278' title='bbox 748 1946 808 1974; x_wconf 88' lang='lat' dir='ltr'><strong>quo</strong></span> <span class='ocrx_word' id='word_1_279' title='bbox 830 1939 968 1975; x_wconf 82' lang='lat' dir='ltr'><strong>tempore</strong></span> <span class='ocrx_word' id='word_1_280' title='bbox 993 1939 1195 1977; x_wconf 79' lang='lat' dir='ltr'><strong>imperatores</strong></span> <span class='ocrx_word' id='word_1_281' title='bbox 1222 1939 1255 1968; x_wconf 87' lang='lat'>1&#39;11</span> <span class='ocrx_word' id='word_1_282' title='bbox 1276 1938 1431 1970; x_wconf 79' lang='lat' dir='ltr'><strong>Christia-</strong></span> 
     </span>
     <span class='ocr_line' id='line_1_40' title="bbox 287 1978 1428 2017; baseline 0.006 -13"><span class='ocrx_word' id='word_1_283' title='bbox 287 1984 358 2004; x_wconf 90' lang='lat' dir='ltr'><strong>num</strong></span> <span class='ocrx_word' id='word_1_284' title='bbox 381 1984 491 2006; x_wconf 86' lang='lat' dir='ltr'><strong>nomen</strong></span> <span class='ocrx_word' id='word_1_285' title='bbox 513 1978 687 2014; x_wconf 72' lang='lat' dir='ltr'><strong>saevirent:</strong></span> <span class='ocrx_word' id='word_1_286' title='bbox 714 1978 832 2017; x_wconf 85' lang='lat' dir='ltr'><strong>hocque</strong></span> <span class='ocrx_word' id='word_1_287' title='bbox 852 1979 942 2009; x_wconf 85' lang='lat' dir='ltr'><strong>modo</strong></span> <span class='ocrx_word' id='word_1_288' title='bbox 964 1980 1062 2010; x_wconf 83' lang='lat' dir='ltr'><strong>vitam</strong></span> <span class='ocrx_word' id='word_1_289' title='bbox 1085 1980 1318 2011; x_wconf 80' lang='lat' dir='ltr'><strong>sanctissimam</strong></span> <span class='ocrx_word' id='word_1_290' title='bbox 1348 1987 1428 2010; x_wconf 82' lang='lat' dir='ltr'><strong>mar-</strong></span> 
     </span>
     <span class='ocr_line' id='line_1_41' title="bbox 288 2017 597 2054; baseline 0.013 -9"><span class='ocrx_word' id='word_1_291' title='bbox 288 2017 372 2054; x_wconf 85' lang='lat' dir='ltr'><strong>tyrio</strong></span> <span class='ocrx_word' id='word_1_292' title='bbox 394 2019 597 2049; x_wconf 83' lang='lat' dir='ltr'><strong>coronabant.</strong></span> 
     </span>
    </p>

    <p class='ocr_par' dir='ltr' id='par_1_13' title="bbox 287 2058 1426 2142">
     <span class='ocr_line' id='line_1_42' title="bbox 350 2058 1426 2101; baseline 0.007 -14"><span class='ocrx_word' id='word_1_293' title='bbox 350 2058 394 2096; x_wconf 89' lang='lat'><strong>(4)</strong></span> <span class='ocrx_word' id='word_1_294' title='bbox 418 2059 558 2089; x_wconf 67' lang='lat' dir='ltr'><strong>hilarem</strong></span> <span class='ocrx_word' id='word_1_295' title='bbox 587 2061 625 2090; x_wconf 83' lang='lat' dir='ltr'><strong>de</strong></span> <span class='ocrx_word' id='word_1_296' title='bbox 656 2062 773 2099; x_wconf 76' lang='lat' dir='ltr'><strong>funere</strong></span> <span class='ocrx_word' id='word_1_297' title='bbox 794 2062 933 2101; x_wconf 83' lang='lat' dir='ltr'><strong>plebem.</strong></span> <span class='ocrx_word' id='word_1_298' title='bbox 957 2062 1084 2094; x_wconf 81' lang='lat' dir='ltr'><strong>Codices</strong></span> <span class='ocrx_word' id='word_1_299' title='bbox 1105 2063 1246 2094; x_wconf 86' lang='lat' dir='ltr'><strong>nonnulli</strong></span> <span class='ocrx_word' id='word_1_300' title='bbox 1270 2071 1426 2094; x_wconf 77' lang='lat' dir='ltr'><strong>manuscr.</strong></span> 
     </span>
     <span class='ocr_line' id='line_1_43' title="bbox 287 2099 1426 2142; baseline 0.005 -14"><span class='ocrx_word' id='word_1_301' title='bbox 287 2099 320 2129; x_wconf 84' lang='lat' dir='ltr'><strong>et</strong></span> <span class='ocrx_word' id='word_1_302' title='bbox 343 2099 491 2131; x_wconf 62' lang='lat' dir='ltr'><strong>Hamus&lt;</strong></span> <span class='ocrx_word' id='word_1_303' title='bbox 504 2102 684 2135; x_wconf 73' lang='lat' dir='ltr'><strong>hilaram...</strong></span> <span class='ocrx_word' id='word_1_304' title='bbox 697 2104 834 2142; x_wconf 77' lang='lat' dir='ltr'><strong>plebem..</strong></span> <span class='ocrx_word' id='word_1_305' title='bbox 851 2105 909 2135; x_wconf 81' lang='lat' dir='ltr'><strong>Sed</strong></span> <span class='ocrx_word' id='word_1_306' title='bbox 922 2105 1056 2141; x_wconf 72' lang='lat' dir='ltr'><strong>hilm-is,</strong></span> <span class='ocrx_word' id='word_1_307' title='bbox 1074 2115 1101 2142; x_wconf 86' lang='lat' dir='ltr'><strong>e,</strong></span> <span class='ocrx_word' id='word_1_308' title='bbox 1118 2107 1152 2136; x_wconf 88' lang='lat' dir='ltr'><strong>et</strong></span> <span class='ocrx_word' id='word_1_309' title='bbox 1163 2105 1351 2142; x_wconf 43' lang='lat' dir='ltr'><strong>hilarum-(1,</strong></span> <span class='ocrx_word' id='word_1_310' title='bbox 1370 2114 1426 2134; x_wconf 80' lang='lat' dir='ltr'><strong>um</strong></span> 
     </span>
    </p>
   </div>
  </div>
 </body>
</html>
