1566 2482
12 1723 27 1794 w..

360 157 503 210 coma
530 161 732 212 maliferis
751 156 964 212 earnem
991 157 996 160 ’
1153 173 1232 213 229
1281 164 1285 168 ’

145 287 276 335 Crede,
292 289 390 336 quod
404 300 449 328 ex
466 289 588 329 nihilo
600 290 776 339 formavi,
791 303 881 341 pars
895 304 979 332 mea
992 300 1069 333 non
1087 294 1146 332 est
1162 293 1229 342 (1).

145 341 266 386 Quare
292 353 378 391 age,
406 343 592 392 mortalis,
623 345 696 384 soli
722 345 817 384 mihi
834 348 1007 386 construe
1033 347 1230 396 templum,

146 394 278 443 Meque
307 407 426 435 unum
457 409 634 437 venerare
666 400 806 438 Deum:
841 402 1034 439 caementa
1065 402 1230 447 remitto,

145 448 195 486 Et
207 460 302 497 quae
315 461 407 488 saxa
422 451 540 490 Paros
558 454 662 491 secat
682 455 750 501 (2),
768 456 806 493 et
823 466 918 503 quae
938 454 1084 493 Punica
1103 467 1230 503 rupes,

145 502 246 547 Quae
264 503 397 543 viridis
423 505 679 546 Lacedaemon
706 506 835 555 habet,
857 509 1119 557 maculosaque
1138 510 1231 558 Syn-

146 555 330 595 Nativum
347 569 455 597 nemo
482 561 627 608 scopuli
658 561 753 599 mihi
771 562 917 602 dedicet
934 564 1096 601 ostrum:
1128 561 1230 614 [nas.

146 609 340 659 Templum
359 613 497 652 mentis
516 625 600 653 amo
630 615 696 663 (3),
720 627 795 655 non
824 617 1035 665 marmoris,
1057 628 1171 722 aure?
1193 617 1234 654 in

817 683 821 685 >
1170 671 1234 708 illo

146 717 408 759 Fundamenta
433 723 589 760 manent
615 722 722 761 fidei:
753 725 942 763 structura
970 724 1091 763 nivali
1154 726 1232 763 250

147 771 349 822 Consurgit
374 775 511 823 pietate
539 775 691 815 nitens:
722 777 818 826 tegit
845 778 964 816 ardua
991 778 1139 816 culmen

146 825 302 865 Iustitia
328 827 508 868 interius:
539 830 687 879 spargit
714 831 794 869 sola
820 832 923 879 picta
949 832 1099 870 rubenti

146 878 259 917 Flore
278 881 481 928 pudicitiae
509 884 628 931 pudor
654 884 791 931 almus⁷
821 887 860 923 et
886 885 984 924 atria
1013 887 1161 934 servat:

146 932 251 972 Haec
279 935 409 975 domus
437 938 527 985 apta
554 938 648 976 mihi
677 941 756 976 est:
779 940 869 977 haec
896 951 955 977 me
983 940 1232 988 pulcherrima

1111 992 1233 1044 [sedes

144 1040 308 1089 Accipit,
339 1045 492 1082 aeterno
518 1045 742 1094 caelestique
771 1046 916 1095 hospite
944 1047 1074 1095 digna.
1154 1049 1232 1085 255

143 1094 222 1133 Nec
241 1106 360 1135 novus
378 1097 439 1136 hic
457 1098 562 1137 locus
580 1102 656 1138 est:
680 1100 789 1138 fiuxit
806 1112 888 1139 mea
906 1101 1028 1150 gloria
1047 1101 1087 1139 in
1107 1103 1227 1148 artus,

143 1148 193 1186 Et
218 1148 283 1187 lux
310 1162 398 1189 vera
425 1152 509 1190 Dei.
542 1153 644 1192 Deus
670 1154 889 1193 inlustravit
915 1155 1109 1193 alumnam

144 1202 353 1251 Materiam,
384 1217 593 1255 corpusque
621 1219 756 1255 parens
784 1208 989 1247 habitabile
1018 1208 1108 1247 fecit

143 1256 229 1304 Ipse
257 1257 344 1305 sibi,
374 1259 520 1307 placido
547 1262 591 1298 ut
616 1262 737 1310 possit
763 1262 989 1311 requiescere
1017 1262 1171 1310 templo.

90 1309 334 1359 Condideram
369 1313 573 1361 perfectum
610 1315 820 1354 hominem:
861 1318 1028 1364 spectare
1066 1328 1230 1364 superna

143 1363 389 1405 Mandaram:
411 1367 503 1406 totis
531 1379 750 1418 conversum
778 1370 952 1409 sensibus
980 1371 1020 1408 in
1038 1381 1097 1408 me
1183 1369 1187 1374 '

143 1418 257 1456 Recto
283 1419 429 1468 habitu,
459 1421 630 1470 celsoque
659 1423 748 1470 situ,
779 1426 818 1462 et
844 1424 1002 1463 sublime
1030 1426 1225 1462 tuentem:

144 1471 216 1509 Sed
243 1472 412 1520 despexit
437 1475 605 1522 humum,
636 1488 747 1524 seque
775 1477 974 1516 inclinavit
1001 1478 1050 1516 ad
1077 1478 1177 1516 orbis

144 1524 321 1572 Divitias,
351 1528 564 1577 pepulitque
591 1541 713 1568 meum
741 1531 784 1568 de
812 1533 956 1579 pectore
984 1543 1137 1570 numen.

91 1693 101 1709 ³
115 1654 213 1729 ⁴²33).
224 1655 339 1734 (ΖΞ-ἕξ,
361 1657 447 1696 quod
468 1667 509 1688 ex
530 1659 636 1690 nihilo
657 1661 801 1698 formam·
815 1670 903 1701 pars
925 1671 996 1692 mea
1019 1670 1084 1692 non
1105 1664 1163 1693 est.
1192 1661 1229 1692 V.

154 1744 200 1782 (2)
228 1746 401 1786 Templum
423 1757 529 1778 meum
551 1758 638 1781 amo.
661 1749 696 1780 In
712 1752 849 1782 mentem
866 1760 976 1782 revoca
989 1759 1069 1789 quae
1083 1751 1233 1781 Iosm’nvs

91 1785 244 1817 Pammvs
266 1788 298 1817 in
322 1788 389 1824 ode]
413 1790 464 1820 cui
485 1791 618 1822 titulus:
643 1803 660 1820 «
676 1793 899 1824 L'educazione
915 1804 934 1822 »
948 1793 1123 1823 Imbonatio
1136 1793 1231 1823 disci-

90 1839 162 1878 pulo
183 1849 238 1870 suo
259 1850 276 1871 e
296 1843 385 1879 gravi
406 1844 512 1875 morbo
533 1846 653 1878 renato.
679 1857 696 1874 ⁴<
719 1837 880 1886 Equopo,
896 1847 995 1884 canit,
1017 1847 1132 1877 αἶσαν-ε
1153 1846 1229 1876 Nel-

90 1880 208 1912 l'alma
232 1882 259 1911 il
275 1885 390 1923 primo
410 1886 532 1917 altare.

152 1923 198 1961 (3)
219 1925 264 1954 Ee
283 1935 365 1964 quae
385 1936 471 1958 saxa
502 1930 610 1959 Paros
628 1933 734 1960 secat.-
748 1954 756 1961 .
772 1954 780 1961 .
796 1954 804 1962 .
840 1931 886 1961 De
913 1931 1011 1961 variis
1039 1939 1229 1960 marmorum

26 1977 30 1980 ⁴
88 1966 253 2002 generibus
274 1969 307 1998 et
320 1969 474 2000 coloribus
489 1971 653 2002 videndum
670 1973 750 2010 quod
763 1973 915 2011 scriptum
930 1973 1088 2010 congessit
1102 1972 1231 2002 Puxivs

25 2015 29 2021 ’
89 2006 196 2037 Mum:
217 2008 258 2038 Η.
282 2009 357 2042 Nat.
380 2011 416 2043 L.
438 2011 585 2049 XXXVI,
602 2014 634 2051 7,
652 2015 702 2046 11.
719 2015 817 2045 Nemo
839 2023 918 2045 unns
939 2016 1046 2044 tamen
1068 2023 1106 2044 ex
1121 2014 1230 2052 pos-*tte

36 2071 40 2074 .
90 2049 229 2080 versibus
249 2052 342 2082 eruat
361 2052 508 2085 dedocere
528 2055 628 2086 Aedes
641 2064 747 2087 sacros
767 2057 801 2087 et
822 2056 1027 2086 marmoribus
1042 2056 1075 2086 et
1089 2063 1164 2085 auro
1178 2055 1230 2085 de·

34 2127 42 2130 -
86 2099 206 2128 corate,
223 2093 269 2122 uti
284 2093 396 2124 docent
416 2096 468 2132 qui
484 2104 504 2126 a
517 2096 680 2128 Catholica
693 2098 839 2129 doctrina
853 2098 1056 2129 recesserunt.
1074 2097 1111 2129 V.
1127 2097 1228 2128 clun.

90 2133 333 2165 Bsuanmmvx
355 2136 390 2167 L.
414 2136 471 2173 ΙΙΙ,
495 2138 570 2177 cap.
593 2139 648 2170 1v.
