1566 2482
299 167 376 206 264
669 180 822 210 Avnnnn
848 180 1051 211 annum'n
1077 207 1079 210 .

353 287 543 336 Fasciolis,
573 289 631 328 vel
658 290 823 338 gallinae
849 290 1024 339 pulmone
1048 302 1178 341 rogare
1207 292 1282 343 (1),

350 341 568 390 Frangitur,
597 343 636 381 et
661 343 777 382 nullis
805 344 966 382 violatur
992 345 1187 385 Terminus
1214 346 1332 388 extis:

347 395 397 432 Et
423 406 516 444 quae
544 395 729 435 fumificas
757 397 866 436 arbor
892 398 1028 436 vittata
1056 399 1115 449 (2)
1144 398 1316 438 lucernas

347 448 540 496 servabat,
570 449 671 488 cadit
698 450 823 489 ultrici
850 451 994 490 succisa
1020 451 1187 500 bipenni.
1327 453 1429 492 1010

347 501 427 539 Nec
454 503 579 540 tamen
606 503 739 542 iccirco
759 504 815 553 (3)
835 504 956 543 minor
974 506 1032 543 est
1050 506 1116 544 aut
1134 505 1276 545 fructus
1295 507 1426 556 agelli,

345 555 425 592 Aut
450 556 682 604 tempestatis
709 556 905 596 clementia
930 558 1030 596 laeta
1057 570 1221 607 serenae,

347 608 541 656 Temperet
568 610 635 647 aut
661 609 811 657 pluvius
839 611 903 659 qui
917 611 1018 649 culta
1032 612 1183 651 novalia
1197 614 1330 651 ventus
1350 613 1423 662 (4).

345 661 415 699 Sed
442 673 509 700 nec
537 674 673 711 magno
701 674 791 712 opus
818 666 875 702 est
893 664 993 713 frugi
1012 665 1238 715 viventibus,
1258 668 1295 704 et
1314 678 1426 715 quum

343 714 508 753 Maxima
519 716 756 764 proveniunt,
773 728 847 755 non
858 718 980 766 amplo
994 718 1034 756 in
1048 719 1184 767 gaudio
1198 730 1311 758 censu
1323 720 1424 758 1015

343 767 526 814 Solvimur
541 769 598 818 (5)
607 800 616 817 ‚
633 770 744 819 inque
758 771 902 809 lucrum
917 771 1039 810 studio
1053 772 1281 812 exsultamus
1295 785 1420 812 avaro.

342 822 442 859 Nam
469 823 602 870 quibus
630 826 819 862 aeternum
846 836 931 872 spes
957 824 1178 864 informatur
1204 826 1244 864 in
1272 838 1418 874 aevum,

343 874 459 914 Omne
473 876 610 914 bonum
627 878 737 915 tenue
755 879 825 925 est,
843 878 940 926 quod
957 889 1132 926 praesens
1150 879 1288 928 ingerit
1301 882 1418 919 aetas.

342 928 372 966 Ο
400 927 488 967 felix
515 929 672 968 nimium
700 931 864 978 sapiens,
895 932 933 969 et
959 932 1121 971 rusticus
1147 933 1260 981 idem,

340 982 410 1027 Qui
419 983 538 1021 terras
552 983 788 1032 animumque
802 984 942 1032 colens,
953 985 1135 1033 impendit
1143 986 1306 1035 utrisque
1318 985 1421 1026 1020

340 1035 474 1073 Curam
498 1037 730 1085 pervigilem,
761 1037 888 1086 quales
917 1050 1009 1086 quos
1035 1038 1169 1077 imbuit
1195 1040 1323 1078 auctor

339 1088 523 1137 Christus,
546 1092 583 1128 et
601 1091 784 1129 adsumtis
804 1091 904 1129 dedit
923 1092 1013 1130 haec
1039 1094 1235 1141 praecepta
1253 1093 1416 1133 colonis:

337 1142 485 1180 Semina
512 1155 625 1191 quum
652 1144 765 1182 sulcis
791 1145 1037 1192 committitis,
1068 1157 1159 1184 arva
1185 1148 1312 1186 cavete

330 1195 438 1232 ‘Dura
463 1196 676 1243 lapillorum
704 1197 834 1244 macie,
865 1209 910 1236 ne
939 1198 1086 1236 decidat
1113 1199 1206 1246 illio,

336 1248 441 1295 Quod
452 1249 587 1288 seritur
598 1263 606 1297 ;
622 1250 741 1298 primo
751 1251 925 1299 quoniam
933 1251 1141 1299 praefertile
1151 1264 1301 1301 germen
1316 1253 1416 1292 1025

344 1374 389 1414 (1)
402 1375 553 1413 gallinae
566 1376 719 1412 pulmone
733 1386 862 1415 royare.
878 1376 923 1407 De
938 1377 995 1407 hoc
1008 1377 1075 1407 ritu
1090 1377 1168 1407 nihil
1184 1378 1309 1408 omnino
1323 1379 1413 1410 certi.

280 1415 358 1445 Dum
382 1418 462 1446 ritus
485 1417 631 1453 quosdam
660 1420 853 1456 peragerent,
878 1418 959 1448 forte
988 1420 1071 1449 inter
1092 1419 1233 1458 auspicia
1260 1421 1416 1458 captanda

280 1459 386 1487 avium
408 1460 441 1488 et
460 1466 605 1496 pecorum
627 1459 836 1498 inspiciebant
856 1461 988 1496 viscera,
1011 1469 1028 1490 e
1050 1461 1161 1497 quibus
1183 1462 1316 1492 ventura
1329 1461 1415 1492 laeta

279 1499 326 1529 vel
340 1499 450 1529 tristia
465 1500 632 1538 eruebant3
650 1510 738 1538 quem
753 1502 851 1532 ritum
866 1504 972 1532 noste-1·
986 1502 1164 1539 designavit
1185 1504 1219 1533 et
1232 1503 1266 1532 iu
1287 1503 1410 1542 Apoth.

279 1550 309 1571 v.
334 1542 408 1572 465.

341 1588 387 1628 (2)
409 1589 582 1627 fumificas
604 1589 704 1620 arbor
725 1591 853 1622 vittata.
872 1590 908 1622 V.
926 1583 1011 1630 Περὶ
1024 1583 1122 1631 Στεφ.
1136 1591 1177 1628 Χ,
1195 1591 1235 1621 30
1251 1591 1359 1623 adnot.
1376 1591 1408 1623 4.

277 1628 409 1660 Arbores
421 1630 598 1661 istiusmodi
611 1632 745 1662 vittatus
756 1632 885 1662 exhibet
900 1633 987 1662 nobis
999 1633 1047 1663 vir
1062 1633 1184 1664 clariss.
1201 1633 1237 1665 V.
1258 1634 1408 1663 vmcxci-

270 1675 406 1702 'MAnnvs
428 1673 459 1701 in
482 1672 653 1703 vetustiore
686 1674 809 1711 pictura
829 1673 960 1709 Albana,
979 1682 1070 1711 quam
1087 1674 1225 1712 pulchre,
1242 1682 1325 1704 more
1339 1683 1408 1710 suo,

278 1712 450 1743 declaravit
463 1714 496 1743 in
511 1722 617 1752 opere:
643 1725 660 1742 «
682 1715 793 1745 storia
815 1715 976 1745 dell’Arte
997 1715 1049 1745 del
1070 1715 1212 1754 Diseqno
1229 1725 1247 1743 »
1262 1716 1348 1746 Tom.
1364 1716 1407 1753 11,

300 1763 351 1790 ag.
375 1755 426 1785 17.

279 1763 299 1792 p
340 1795 384 1835 (3)
407 1796 522 1826 iccirco
542 1805 597 1835 pro
618 1797 739 1827 idcirco
748 1807 762 1835 ;
782 1801 815 1827 et
837 1806 965 1836 semper.
982 1798 1025 1828 De
1039 1798 1193 1828 scribendi
1209 1798 1328 1828 ratione
1342 1797 1408 1830 Cfr.

274 1836 464 1869 Cumsromx.
489 1838 620 1870 CELLAR.
638 1839 691 1876 qui
705 1847 773 1869 eam
794 1840 921 1877 optimis
941 1839 1120 1878 scriptorib.
1145 1840 1303 1878 probatam
1319 1839 1408 1871 docet

273 1879 305 1907 in
327 1879 487 1916 opuscolo:
515 1879 558 1909 De
581 1880 801 1919 Ortoqraphia
822 1881 958 1912 Latina.
1346 1922 1353 1929 ·

335 1919 383 1960 (4)
403 1923 515 1950 —aut
526 1921 664 1960 pluvius
678 1945 686 1952 .
701 1945 709 1953 .
725 1944 734 1952 .
751 1924 874 1952 ventus.
892 1922 955 1952 Nos
971 1922 1034 1952 iam
1050 1922 1187 1960 pluvium
1203 1923 1329 1953 ventum
1345 1923 1407 1954 lta-

275 1961 334 1992 lice
349 1963 567 2000 convertimus,
583 1963 726 1994 adhibita
738 1972 810 1993 voce
824 1964 1012 2001 composita:
1031 1964 1242 2002 ventipiovolo
1251 1973 1261 2005 ς
1277 1964 1406 2002 optimis

277 2005 425 2042 usurpata
445 2004 662 2042 scriptorihuS.

334 2046 380 2083 (5)
402 2054 467 2074 non
489 2046 600 2083 amplo
615 2047 651 2076 in
670 2046 796 2085 ‚qaudio
810 2055 908 2077 censu
924 2047 1264 2083 Salvium-„Germani
1288 2046 1404 2077 etenim

270 2085 437 2116 christiani
459 2095 607 2117 memores
630 2088 769 2126 Apostoli
785 2089 859 2118 sunt
879 2089 1064 2125 sententiae,
1080 2091 1174 2125 atque
1189 2091 1334 2119 utuntur
1346 2088 1404 2118 hoc

270 2128 392 2158 mundo
414 2131 581 2168 tamquam
603 2138 668 2160 mm
692 2131 844 2160 utantur.
867 2129 916 2160 Ad
938 2129 1078 2161 Corinth.
1101 2130 1170 2168 vu,
1193 2129 1245 2163 31.
