<?xml version="1.0" encoding="UTF-8"?>
<!DOCTYPE html PUBLIC "-//W3C//DTD XHTML 1.0 Transitional//EN"
    "http://www.w3.org/TR/xhtml1/DTD/xhtml1-transitional.dtd">
<html xmlns="http://www.w3.org/1999/xhtml" xml:lang="en" lang="en">
 <head>
  <title>
</title>
<meta http-equiv="Content-Type" content="text/html;charset=utf-8" />
  <meta name='ocr-system' content='tesseract 3.04.00' />
  <meta name='ocr-capabilities' content='ocr_page ocr_carea ocr_par ocr_line ocrx_word'/>
</head>
<body>
  <div class='ocr_page' id='page_1' title='image "./operaprud00pruduoft_0051.png"; bbox 0 0 1566 2482; ppageno 0'>
   <div class='ocr_carea' id='block_1_1' title="bbox 0 0 1566 172">
    <p class='ocr_par' dir='ltr' id='par_1_1' title="bbox 0 0 1566 172">
     <span class='ocr_line' id='line_1_1' title="bbox 0 0 1566 172; baseline 0 2310"><span class='ocrx_word' id='word_1_1' title='bbox 0 0 1566 172; x_wconf 95' lang='lat' dir='ltr'><strong> </strong></span> 
     </span>
    </p>
   </div>
   <div class='ocr_carea' id='block_1_2' title="bbox 11 1162 37 1179">
    <p class='ocr_par' dir='ltr' id='par_1_2' title="bbox 11 1162 37 1179">
     <span class='ocr_line' id='line_1_2' title="bbox 11 1162 37 1179; baseline 0 -14"><span class='ocrx_word' id='word_1_2' title='bbox 11 1162 37 1179; x_wconf 40' lang='grc' dir='ltr'><strong>ί,</strong></span> 
     </span>
    </p>
   </div>
   <div class='ocr_carea' id='block_1_3' title="bbox 575 149 1257 214">
    <p class='ocr_par' dir='ltr' id='par_1_3' title="bbox 575 149 1257 214">
     <span class='ocr_line' id='line_1_3' title="bbox 575 149 1257 214; baseline 0.001 -1"><span class='ocrx_word' id='word_1_3' title='bbox 575 183 800 213; x_wconf 64' lang='lat' dir='ltr'><strong>sternuere</strong></span> <span class='ocrx_word' id='word_1_4' title='bbox 1127 149 1130 150; x_wconf 22' lang='lat'><em>⁷</em></span> <span class='ocrx_word' id='word_1_5' title='bbox 1193 162 1257 214; x_wconf 52' lang='lat'><strong>‘47</strong></span> 
     </span>
    </p>
   </div>
   <div class='ocr_carea' id='block_1_4' title="bbox 120 252 341 260">
    <p class='ocr_par' dir='ltr' id='par_1_4' title="bbox 120 252 341 260">
     <span class='ocr_line' id='line_1_4' title="bbox 120 252 341 260; baseline 0 2222"><span class='ocrx_word' id='word_1_6' title='bbox 120 252 341 260; x_wconf 95' lang='lat' dir='ltr'><strong> </strong></span> 
     </span>
    </p>
   </div>
   <div class='ocr_carea' id='block_1_5' title="bbox 91 300 1262 1158">
    <p class='ocr_par' dir='ltr' id='par_1_5' title="bbox 111 300 1230 406">
     <span class='ocr_line' id='line_1_5' title="bbox 111 300 1230 352; baseline -0.004 -9"><span class='ocrx_word' id='word_1_7' title='bbox 111 303 295 350; x_wconf 77' lang='lat' dir='ltr'><strong>Nuntius,</strong></span> <span class='ocrx_word' id='word_1_8' title='bbox 323 312 478 340; x_wconf 82' lang='lat' dir='ltr'><strong>aurorae</strong></span> <span class='ocrx_word' id='word_1_9' title='bbox 502 300 674 349; x_wconf 85' lang='lat' dir='ltr'><strong>populos,</strong></span> <span class='ocrx_word' id='word_1_10' title='bbox 703 301 815 351; x_wconf 86' lang='lat' dir='ltr'><strong>atque</strong></span> <span class='ocrx_word' id='word_1_11' title='bbox 840 300 975 340; x_wconf 87' lang='lat' dir='ltr'><strong>ultima.</strong></span> <span class='ocrx_word' id='word_1_12' title='bbox 1001 302 1142 340; x_wconf 86' lang='lat' dir='ltr'><strong>Bactra</strong></span> <span class='ocrx_word' id='word_1_13' title='bbox 1169 300 1230 352; x_wconf 92' lang='grc'><strong>(1)</strong></span> 
     </span>
     <span class='ocr_line' id='line_1_6' title="bbox 114 354 1094 406; baseline -0.003 -9"><span class='ocrx_word' id='word_1_14' title='bbox 114 356 270 406; x_wconf 87' lang='lat' dir='ltr'><strong>Attigit,</strong></span> <span class='ocrx_word' id='word_1_15' title='bbox 299 355 481 395; x_wconf 74' lang='lat' dir='ltr'>inluxisse</span> <span class='ocrx_word' id='word_1_16' title='bbox 508 354 605 393; x_wconf 89' lang='lat' dir='ltr'><strong>diem</strong></span> <span class='ocrx_word' id='word_1_17' title='bbox 630 354 861 394; x_wconf 83' lang='lat' dir='ltr'><strong>lactantibus</strong></span> <span class='ocrx_word' id='word_1_18' title='bbox 887 355 989 394; x_wconf 87' lang='lat' dir='ltr'><strong>horis</strong></span> <span class='ocrx_word' id='word_1_19' title='bbox 1018 354 1094 406; x_wconf 79' lang='lat'>(2),</span> 
     </span>
    </p>

    <p class='ocr_par' dir='ltr' id='par_1_6' title="bbox 114 408 1261 993">
     <span class='ocr_line' id='line_1_7' title="bbox 114 408 1151 458; baseline -0.001 -9"><span class='ocrx_word' id='word_1_20' title='bbox 114 412 195 458; x_wconf 81' lang='lat' dir='ltr'><strong>Qua</strong></span> <span class='ocrx_word' id='word_1_21' title='bbox 219 412 325 449; x_wconf 90' lang='lat' dir='ltr'><strong>tener</strong></span> <span class='ocrx_word' id='word_1_22' title='bbox 351 409 508 458; x_wconf 87' lang='lat' dir='ltr'><strong>innupto</strong></span> <span class='ocrx_word' id='word_1_23' title='bbox 535 408 713 457; x_wconf 85' lang='lat' dir='ltr'><strong>penderet</strong></span> <span class='ocrx_word' id='word_1_24' title='bbox 738 408 787 447; x_wconf 84' lang='lat' dir='ltr'><strong>ab</strong></span> <span class='ocrx_word' id='word_1_25' title='bbox 813 408 925 448; x_wconf 89' lang='lat' dir='ltr'><strong>ubere</strong></span> <span class='ocrx_word' id='word_1_26' title='bbox 953 409 1151 450; x_wconf 80' lang='lat' dir='ltr'><strong>Christus?</strong></span> 
     </span>
     <span class='ocr_line' id='line_1_8' title="bbox 114 461 1258 513; baseline -0.002 -9"><span class='ocrx_word' id='word_1_27' title='bbox 114 464 286 504; x_wconf 87' lang='lat' dir='ltr'><strong>Vidimus</strong></span> <span class='ocrx_word' id='word_1_28' title='bbox 302 463 417 510; x_wconf 89' lang='lat' dir='ltr'><strong>hunc,</strong></span> <span class='ocrx_word' id='word_1_29' title='bbox 435 462 557 510; x_wconf 83' lang='lat' dir='ltr'><strong>aiunt,</strong></span> <span class='ocrx_word' id='word_1_30' title='bbox 568 473 722 510; x_wconf 89' lang='lat' dir='ltr'><strong>puerum</strong></span> <span class='ocrx_word' id='word_1_31' title='bbox 740 474 806 511; x_wconf 90' lang='lat' dir='ltr'><strong>per</strong></span> <span class='ocrx_word' id='word_1_32' title='bbox 819 461 942 501; x_wconf 85' lang='lat' dir='ltr'><strong>sidera</strong></span> <span class='ocrx_word' id='word_1_33' title='bbox 959 463 1047 501; x_wconf 87' lang='lat' dir='ltr'><strong>ferri</strong></span> <span class='ocrx_word' id='word_1_34' title='bbox 1059 463 1135 513; x_wconf 87' lang='lat'>(3),</span> <span class='ocrx_word' id='word_1_35' title='bbox 1180 463 1258 502; x_wconf 89' lang='grc'><strong>615</strong></span> 
     </span>
     <span class='ocr_line' id='line_1_9' title="bbox 115 516 1122 566; baseline -0.002 -9"><span class='ocrx_word' id='word_1_36' title='bbox 115 519 165 557; x_wconf 86' lang='lat' dir='ltr'><strong>Et</strong></span> <span class='ocrx_word' id='word_1_37' title='bbox 192 528 302 566; x_wconf 87' lang='lat' dir='ltr'><strong>super</strong></span> <span class='ocrx_word' id='word_1_38' title='bbox 328 516 503 565; x_wconf 85' lang='lat' dir='ltr'><strong>antiquos</strong></span> <span class='ocrx_word' id='word_1_39' title='bbox 530 516 723 565; x_wconf 88' lang='lat' dir='ltr'><strong>signorum</strong></span> <span class='ocrx_word' id='word_1_40' title='bbox 750 516 939 555; x_wconf 81' lang='lat' dir='ltr'><strong>ardescere</strong></span> <span class='ocrx_word' id='word_1_41' title='bbox 965 518 1122 556; x_wconf 85' lang='lat' dir='ltr'><strong>tractus</strong></span> 
     </span>
     <span class='ocr_line' id='line_1_10' title="bbox 91 562 1102 631; baseline -0.001 -20.975"><span class='ocrx_word' id='word_1_42' title='bbox 91 562 282 620; x_wconf 76' lang='lat' dir='ltr'><strong>²Diriguit</strong></span> <span class='ocrx_word' id='word_1_43' title='bbox 306 570 499 631; x_wconf 80' lang='lat' dir='ltr'><strong>trepidans</strong></span> <span class='ocrx_word' id='word_1_44' title='bbox 521 570 706 609; x_wconf 83' lang='lat' dir='ltr'><strong>Chaldaeo</strong></span> <span class='ocrx_word' id='word_1_45' title='bbox 733 569 775 608; x_wconf 95' lang='lat' dir='ltr'><strong>in</strong></span> <span class='ocrx_word' id='word_1_46' title='bbox 801 570 937 609; x_wconf 87' lang='lat' dir='ltr'><strong>vertice</strong></span> <span class='ocrx_word' id='word_1_47' title='bbox 963 581 1102 619; x_wconf 81' lang='lat' dir='ltr'><strong>pernox</strong></span> 
     </span>
     <span class='ocr_line' id='line_1_11' title="bbox 116 623 1106 673; baseline -0.001 -9"><span class='ocrx_word' id='word_1_48' title='bbox 116 625 356 673; x_wconf 84' lang='lat' dir='ltr'><strong>Astrologus,</strong></span> <span class='ocrx_word' id='word_1_49' title='bbox 384 624 542 663; x_wconf 81' lang='lat' dir='ltr'><strong>cessisse</strong></span> <span class='ocrx_word' id='word_1_50' title='bbox 566 635 742 673; x_wconf 77' lang='lat' dir='ltr'><strong>anguem,</strong></span> <span class='ocrx_word' id='word_1_51' title='bbox 772 623 914 673; x_wconf 84' lang='lat' dir='ltr'><strong>fugisse</strong></span> <span class='ocrx_word' id='word_1_52' title='bbox 940 624 1106 671; x_wconf 82' lang='lat' dir='ltr'><strong>leonem3</strong></span> 
     </span>
     <span class='ocr_line' id='line_1_12' title="bbox 117 677 1237 726; baseline -0.001 -8"><span class='ocrx_word' id='word_1_53' title='bbox 117 678 353 718; x_wconf 77' lang='lat' dir='ltr'><strong>contraxisse</strong></span> <span class='ocrx_word' id='word_1_54' title='bbox 379 678 490 726; x_wconf 88' lang='lat' dir='ltr'><strong>pedes</strong></span> <span class='ocrx_word' id='word_1_55' title='bbox 515 678 644 717; x_wconf 83' lang='lat' dir='ltr'><strong>lateris</strong></span> <span class='ocrx_word' id='word_1_56' title='bbox 670 689 803 716; x_wconf 87' lang='lat' dir='ltr'><strong>manco</strong></span> <span class='ocrx_word' id='word_1_57' title='bbox 830 678 957 716; x_wconf 82' lang='lat' dir='ltr'><strong>ordine</strong></span> <span class='ocrx_word' id='word_1_58' title='bbox 985 679 1188 724; x_wconf 78' lang='lat' dir='ltr'><strong>Cancrum;</strong></span> <span class='ocrx_word' id='word_1_59' title='bbox 1226 677 1237 708; x_wconf 76' lang='lat'><strong>³-</strong></span> 
     </span>
     <span class='ocr_line' id='line_1_13' title="bbox 118 731 1261 781; baseline -0.001 -9"><span class='ocrx_word' id='word_1_60' title='bbox 118 732 301 772; x_wconf 80' lang='lat' dir='ltr'><strong>Cornibus</strong></span> <span class='ocrx_word' id='word_1_61' title='bbox 324 731 496 770; x_wconf 76' lang='lat' dir='ltr'><strong>infractis</strong></span> <span class='ocrx_word' id='word_1_62' title='bbox 522 731 702 770; x_wconf 86' lang='lat' dir='ltr'><strong>domitum</strong></span> <span class='ocrx_word' id='word_1_63' title='bbox 728 731 872 781; x_wconf 83' lang='lat' dir='ltr'><strong>mugire</strong></span> <span class='ocrx_word' id='word_1_64' title='bbox 898 733 1116 771; x_wconf 85' lang='lat' dir='ltr'><strong>Iuvencum.</strong></span> <span class='ocrx_word' id='word_1_65' title='bbox 1183 733 1261 771; x_wconf 81' lang='lat'><strong>620</strong></span> 
     </span>
     <span class='ocr_line' id='line_1_14' title="bbox 117 783 1152 836; baseline -0.001 -11"><span class='ocrx_word' id='word_1_66' title='bbox 117 786 227 825; x_wconf 87' lang='lat' dir='ltr'><strong>Sidus</strong></span> <span class='ocrx_word' id='word_1_67' title='bbox 253 787 290 824; x_wconf 92' lang='lat' dir='ltr'><strong>et</strong></span> <span class='ocrx_word' id='word_1_68' title='bbox 317 785 516 824; x_wconf 87' lang='lat' dir='ltr'><strong>Hircinum</strong></span> <span class='ocrx_word' id='word_1_69' title='bbox 541 783 676 824; x_wconf 85' lang='lat' dir='ltr'><strong>laceris</strong></span> <span class='ocrx_word' id='word_1_70' title='bbox 701 797 924 824; x_wconf 83' lang='lat' dir='ltr'><strong>marcescere</strong></span> <span class='ocrx_word' id='word_1_71' title='bbox 951 786 1068 824; x_wconf 82' lang='lat' dir='ltr'><strong>villis.</strong></span> <span class='ocrx_word' id='word_1_72' title='bbox 1092 786 1152 836; x_wconf 88' lang='lat'><strong>(4)</strong></span> 
     </span>
     <span class='ocr_line' id='line_1_15' title="bbox 119 838 1233 889; baseline -0.001 -10"><span class='ocrx_word' id='word_1_73' title='bbox 119 838 276 879; x_wconf 75' lang='lat' dir='ltr'><strong>Labitur</strong></span> <span class='ocrx_word' id='word_1_74' title='bbox 294 838 383 878; x_wconf 87' lang='lat' dir='ltr'><strong>hinc</strong></span> <span class='ocrx_word' id='word_1_75' title='bbox 409 839 540 888; x_wconf 90' lang='lat' dir='ltr'><strong>pulsus</strong></span> <span class='ocrx_word' id='word_1_76' title='bbox 560 840 658 878; x_wconf 91' lang='lat' dir='ltr'><strong>Puer</strong></span> <span class='ocrx_word' id='word_1_77' title='bbox 684 839 838 888; x_wconf 86' lang='lat' dir='ltr'><strong>hydrius</strong></span> <span class='ocrx_word' id='word_1_78' title='bbox 855 839 915 889; x_wconf 85' lang='lat'><strong>(5)</strong></span> <span class='ocrx_word' id='word_1_79' title='bbox 931 854 940 886; x_wconf 84' lang='lat'>3</span> <span class='ocrx_word' id='word_1_80' title='bbox 959 839 1045 878; x_wconf 90' lang='lat' dir='ltr'><strong>inde</strong></span> <span class='ocrx_word' id='word_1_81' title='bbox 1063 840 1233 888; x_wconf 83' lang='lat' dir='ltr'><strong>Sagitta3</strong></span> 
     </span>
     <span class='ocr_line' id='line_1_16' title="bbox 119 892 1160 942; baseline 0 -10"><span class='ocrx_word' id='word_1_82' title='bbox 119 893 299 932; x_wconf 84' lang='lat' dir='ltr'><strong>Palantes</strong></span> <span class='ocrx_word' id='word_1_83' title='bbox 325 892 502 932; x_wconf 81' lang='lat' dir='ltr'><strong>Geminos</strong></span> <span class='ocrx_word' id='word_1_84' title='bbox 528 892 620 942; x_wconf 84' lang='lat' dir='ltr'><strong>fuga</strong></span> <span class='ocrx_word' id='word_1_85' title='bbox 646 894 817 941; x_wconf 87' lang='lat' dir='ltr'><strong>reparat:</strong></span> <span class='ocrx_word' id='word_1_86' title='bbox 848 893 1016 941; x_wconf 86' lang='lat' dir='ltr'><strong>improba</strong></span> <span class='ocrx_word' id='word_1_87' title='bbox 1043 893 1160 942; x_wconf 85' lang='lat' dir='ltr'><strong>Virgo</strong></span> 
     </span>
     <span class='ocr_line' id='line_1_17' title="bbox 122 946 1029 993; baseline 0 -7"><span class='ocrx_word' id='word_1_88' title='bbox 122 946 252 986; x_wconf 84' lang='lat' dir='ltr'><strong>Prodit</strong></span> <span class='ocrx_word' id='word_1_89' title='bbox 278 947 462 985; x_wconf 82' lang='lat' dir='ltr'><strong>amatores</strong></span> <span class='ocrx_word' id='word_1_90' title='bbox 488 946 623 985; x_wconf 83' lang='lat' dir='ltr'><strong>tacitos</strong></span> <span class='ocrx_word' id='word_1_91' title='bbox 649 946 691 984; x_wconf 93' lang='lat' dir='ltr'><strong>in</strong></span> <span class='ocrx_word' id='word_1_92' title='bbox 718 946 856 993; x_wconf 80' lang='lat' dir='ltr'><strong>fornice</strong></span> <span class='ocrx_word' id='word_1_93' title='bbox 883 947 1029 986; x_wconf 89' lang='lat' dir='ltr'><strong>mundi.</strong></span> 
     </span>
    </p>

    <p class='ocr_par' dir='ltr' id='par_1_7' title="bbox 121 999 1262 1094">
     <span class='ocr_line' id='line_1_18' title="bbox 121 999 1262 1049; baseline 0.001 -10"><span class='ocrx_word' id='word_1_94' title='bbox 121 1000 262 1049; x_wconf 81' lang='lat' dir='ltr'><strong>Quique</strong></span> <span class='ocrx_word' id='word_1_95' title='bbox 289 999 355 1038; x_wconf 83' lang='lat' dir='ltr'><strong>alii</strong></span> <span class='ocrx_word' id='word_1_96' title='bbox 381 999 565 1039; x_wconf 89' lang='lat' dir='ltr'><strong>horrificis</strong></span> <span class='ocrx_word' id='word_1_97' title='bbox 582 1000 747 1048; x_wconf 89' lang='lat' dir='ltr'><strong>pendent</strong></span> <span class='ocrx_word' id='word_1_98' title='bbox 763 999 803 1038; x_wconf 94' lang='lat' dir='ltr'><strong>in</strong></span> <span class='ocrx_word' id='word_1_99' title='bbox 823 1000 986 1040; x_wconf 90' lang='lat' dir='ltr'><strong>nubibus</strong></span> <span class='ocrx_word' id='word_1_100' title='bbox 1004 1001 1129 1049; x_wconf 85' lang='lat' dir='ltr'><strong>ignes,</strong></span> <span class='ocrx_word' id='word_1_101' title='bbox 1186 1002 1262 1040; x_wconf 84' lang='lat'><strong>625</strong></span> 
     </span>
     <span class='ocr_line' id='line_1_19' title="bbox 122 1053 1076 1094; baseline 0 -1"><span class='ocrx_word' id='word_1_102' title='bbox 122 1053 333 1094; x_wconf 86' lang='lat' dir='ltr'><strong>Luciferum</strong></span> <span class='ocrx_word' id='word_1_103' title='bbox 357 1053 512 1092; x_wconf 82' lang='lat' dir='ltr'><strong>timuere</strong></span> <span class='ocrx_word' id='word_1_104' title='bbox 538 1064 697 1093; x_wconf 87' lang='lat' dir='ltr'><strong>novum:</strong></span> <span class='ocrx_word' id='word_1_105' title='bbox 727 1055 809 1093; x_wconf 85' lang='lat' dir='ltr'><strong>rota</strong></span> <span class='ocrx_word' id='word_1_106' title='bbox 835 1054 959 1092; x_wconf 87' lang='lat' dir='ltr'><strong>lurida</strong></span> <span class='ocrx_word' id='word_1_107' title='bbox 986 1054 1076 1094; x_wconf 91' lang='lat' dir='ltr'><strong>solis</strong></span> 
     </span>
    </p>

    <p class='ocr_par' dir='ltr' id='par_1_8' title="bbox 122 1107 1234 1158">
     <span class='ocr_line' id='line_1_20' title="bbox 122 1107 1234 1158; baseline 0 -11"><span class='ocrx_word' id='word_1_108' title='bbox 122 1108 276 1156; x_wconf 85' lang='lat' dir='ltr'><strong>Haeret,</strong></span> <span class='ocrx_word' id='word_1_109' title='bbox 297 1108 335 1147; x_wconf 91' lang='lat' dir='ltr'><strong>et</strong></span> <span class='ocrx_word' id='word_1_110' title='bbox 351 1107 535 1147; x_wconf 81' lang='lat' dir='ltr'><strong>excidium</strong></span> <span class='ocrx_word' id='word_1_111' title='bbox 561 1107 677 1147; x_wconf 87' lang='lat' dir='ltr'><strong>sentit</strong></span> <span class='ocrx_word' id='word_1_112' title='bbox 692 1107 771 1146; x_wconf 86' lang='lat' dir='ltr'><strong>iam</strong></span> <span class='ocrx_word' id='word_1_113' title='bbox 796 1108 944 1157; x_wconf 84' lang='lat' dir='ltr'><strong>iamque</strong></span> <span class='ocrx_word' id='word_1_114' title='bbox 961 1107 1130 1148; x_wconf 83' lang='lat' dir='ltr'><strong>futurum</strong></span> <span class='ocrx_word' id='word_1_115' title='bbox 1159 1108 1234 1158; x_wconf 84' lang='grc'>(6).</span> 
     </span>
    </p>
   </div>
   <div class='ocr_carea' id='block_1_6' title="bbox 168 1253 1266 1295">
    <p class='ocr_par' dir='ltr' id='par_1_9' title="bbox 168 1253 1266 1295">
     <span class='ocr_line' id='line_1_21' title="bbox 168 1253 1266 1295; baseline 0 -9"><span class='ocrx_word' id='word_1_116' title='bbox 168 1253 172 1254; x_wconf 61' lang='grc'>’</span> <span class='ocrx_word' id='word_1_117' title='bbox 189 1253 238 1295; x_wconf 94' lang='grc'><strong>(1)</strong></span> <span class='ocrx_word' id='word_1_118' title='bbox 253 1255 374 1285; x_wconf 80' lang='lat' dir='ltr'><strong>ultima</strong></span> <span class='ocrx_word' id='word_1_119' title='bbox 388 1255 524 1286; x_wconf 78' lang='lat' dir='ltr'><strong>Bactra.</strong></span> <span class='ocrx_word' id='word_1_120' title='bbox 542 1255 663 1287; x_wconf 71' lang='lat' dir='ltr'><strong>Uitima</strong></span> <span class='ocrx_word' id='word_1_121' title='bbox 676 1255 793 1287; x_wconf 84' lang='lat' dir='ltr'><strong>Persici</strong></span> <span class='ocrx_word' id='word_1_122' title='bbox 810 1255 898 1294; x_wconf 80' lang='lat' dir='ltr'><strong>regni</strong></span> <span class='ocrx_word' id='word_1_123' title='bbox 913 1255 1010 1293; x_wconf 77' lang='lat' dir='ltr'><strong>regio,</strong></span> <span class='ocrx_word' id='word_1_124' title='bbox 1025 1256 1183 1294; x_wconf 80' lang='lat' dir='ltr'><strong>totiusque</strong></span> <span class='ocrx_word' id='word_1_125' title='bbox 1197 1257 1266 1287; x_wconf 89' lang='lat' dir='ltr'><strong>tum</strong></span> 
     </span>
    </p>
   </div>
   <div class='ocr_carea' id='block_1_7' title="bbox 94 1296 584 1329">
    <p class='ocr_par' dir='ltr' id='par_1_10' title="bbox 94 1296 584 1329">
     <span class='ocr_line' id='line_1_22' title="bbox 94 1296 584 1329; baseline 0.002 -2"><span class='ocrx_word' id='word_1_126' title='bbox 94 1296 97 1298; x_wconf 82' lang='grc'><strong>’</strong></span> <span class='ocrx_word' id='word_1_127' title='bbox 125 1298 208 1328; x_wconf 86' lang='lat' dir='ltr'><strong>orbis</strong></span> <span class='ocrx_word' id='word_1_128' title='bbox 228 1298 384 1328; x_wconf 82' lang='lat' dir='ltr'><strong>terrarum</strong></span> <span class='ocrx_word' id='word_1_129' title='bbox 405 1297 584 1329; x_wconf 85' lang='lat' dir='ltr'><strong>confinium.</strong></span> 
     </span>
    </p>
   </div>
   <div class='ocr_carea' id='block_1_8' title="bbox 116 1338 1275 2176">
    <p class='ocr_par' dir='ltr' id='par_1_11' title="bbox 125 1338 1269 1579">
     <span class='ocr_line' id='line_1_23' title="bbox 168 1338 1267 1380; baseline 0.002 -12"><span class='ocrx_word' id='word_1_130' title='bbox 168 1338 217 1380; x_wconf 83' lang='grc'><strong>(2)</strong></span> <span class='ocrx_word' id='word_1_131' title='bbox 229 1339 439 1370; x_wconf 63' lang='lat' dir='ltr'><strong>‘luctantibus</strong></span> <span class='ocrx_word' id='word_1_132' title='bbox 458 1339 563 1371; x_wconf 73' lang='lat' dir='ltr'><strong>horis.</strong></span> <span class='ocrx_word' id='word_1_133' title='bbox 580 1339 722 1379; x_wconf 84' lang='lat' dir='ltr'><strong>Quinque</strong></span> <span class='ocrx_word' id='word_1_134' title='bbox 745 1338 831 1371; x_wconf 82' lang='lat' dir='ltr'><strong>codd.</strong></span> <span class='ocrx_word' id='word_1_135' title='bbox 846 1338 984 1377; x_wconf 58' lang='lat' dir='ltr'><strong>Vaficc„</strong></span> <span class='ocrx_word' id='word_1_136' title='bbox 1001 1339 1034 1370; x_wconf 90' lang='lat' dir='ltr'><strong>in</strong></span> <span class='ocrx_word' id='word_1_137' title='bbox 1056 1347 1185 1377; x_wconf 87' lang='lat' dir='ltr'><strong>quorum</strong></span> <span class='ocrx_word' id='word_1_138' title='bbox 1206 1348 1267 1371; x_wconf 91' lang='lat' dir='ltr'><strong>uno</strong></span> 
     </span>
     <span class='ocr_line' id='line_1_24' title="bbox 125 1380 1264 1419; baseline 0 -8"><span class='ocrx_word' id='word_1_139' title='bbox 125 1381 197 1413; x_wconf 86' lang='lat' dir='ltr'><strong>Vet.</strong></span> <span class='ocrx_word' id='word_1_140' title='bbox 219 1380 338 1413; x_wconf 75' lang='lat' dir='ltr'><strong>Glossa:</strong></span> <span class='ocrx_word' id='word_1_141' title='bbox 351 1392 369 1411; x_wconf 83' lang='grc'><strong>«</strong></span> <span class='ocrx_word' id='word_1_142' title='bbox 383 1381 504 1419; x_wconf 88' lang='lat' dir='ltr'><strong>quaudo</strong></span> <span class='ocrx_word' id='word_1_143' title='bbox 516 1381 659 1413; x_wconf 83' lang='lat' dir='ltr'><strong>Christus</strong></span> <span class='ocrx_word' id='word_1_144' title='bbox 673 1381 864 1412; x_wconf 81' lang='lat' dir='ltr'><strong>luctabatur.</strong></span> <span class='ocrx_word' id='word_1_145' title='bbox 876 1390 945 1410; x_wconf 68' lang='grc' dir='ltr'><strong>ιι-</strong></span> <span class='ocrx_word' id='word_1_146' title='bbox 958 1381 1118 1412; x_wconf 69' lang='lat' dir='ltr'><strong>Werrzrvs</strong></span> <span class='ocrx_word' id='word_1_147' title='bbox 1138 1382 1264 1412; x_wconf 75' lang='lat' dir='ltr'><strong>laetan-</strong></span> 
     </span>
     <span class='ocr_line' id='line_1_25' title="bbox 126 1422 1267 1461; baseline 0.001 -8"><span class='ocrx_word' id='word_1_148' title='bbox 126 1423 219 1454; x_wconf 74' lang='lat' dir='ltr'><strong>tibus</strong></span> <span class='ocrx_word' id='word_1_149' title='bbox 231 1422 335 1456; x_wconf 74' lang='lat' dir='ltr'><strong>horis.</strong></span> <span class='ocrx_word' id='word_1_150' title='bbox 350 1423 469 1461; x_wconf 71' lang='grc' dir='ltr'>Αωνε,</span> <span class='ocrx_word' id='word_1_151' title='bbox 485 1423 786 1455; x_wconf 53' lang='lat' dir='ltr'><strong>GmuaetHsmsws</strong></span> <span class='ocrx_word' id='word_1_152' title='bbox 803 1423 1006 1454; x_wconf 73' lang='lat' dir='ltr'><strong>lactantibus</strong></span> <span class='ocrx_word' id='word_1_153' title='bbox 1024 1424 1129 1460; x_wconf 74' lang='lat' dir='ltr'><strong>horis,</strong></span> <span class='ocrx_word' id='word_1_154' title='bbox 1146 1424 1267 1455; x_wconf 86' lang='lat' dir='ltr'><strong>scilicet</strong></span> 
     </span>
     <span class='ocr_line' id='line_1_26' title="bbox 128 1465 1265 1504; baseline 0 -9"><span class='ocrx_word' id='word_1_155' title='bbox 128 1473 188 1502; x_wconf 86' lang='lat' dir='ltr'><strong>quo</strong></span> <span class='ocrx_word' id='word_1_156' title='bbox 209 1465 347 1503; x_wconf 72' lang='lat' dir='ltr'><strong>tempore</strong></span> <span class='ocrx_word' id='word_1_157' title='bbox 361 1465 536 1496; x_wconf 80' lang='lat' dir='ltr'><strong>infantulus</strong></span> <span class='ocrx_word' id='word_1_158' title='bbox 550 1466 589 1496; x_wconf 86' lang='lat' dir='ltr'><strong>ab</strong></span> <span class='ocrx_word' id='word_1_159' title='bbox 604 1466 696 1496; x_wconf 89' lang='lat' dir='ltr'><strong>ubere</strong></span> <span class='ocrx_word' id='word_1_160' title='bbox 711 1466 823 1496; x_wconf 83' lang='lat' dir='ltr'><strong>matris</strong></span> <span class='ocrx_word' id='word_1_161' title='bbox 842 1466 1002 1504; x_wconf 82' lang='lat' dir='ltr'><strong>penderet.</strong></span> <span class='ocrx_word' id='word_1_162' title='bbox 1019 1465 1085 1497; x_wconf 85' lang='lat' dir='ltr'><strong>Hoc</strong></span> <span class='ocrx_word' id='word_1_163' title='bbox 1098 1474 1191 1497; x_wconf 85' lang='lat' dir='ltr'><strong>sensu</strong></span> <span class='ocrx_word' id='word_1_164' title='bbox 1204 1466 1265 1496; x_wconf 85' lang='lat' dir='ltr'><strong>Av-</strong></span> 
     </span>
     <span class='ocr_line' id='line_1_27' title="bbox 131 1506 1269 1546; baseline 0 -8"><span class='ocrx_word' id='word_1_165' title='bbox 131 1515 202 1538; x_wconf 72' lang='lat' dir='ltr'><strong>son.</strong></span> <span class='ocrx_word' id='word_1_166' title='bbox 219 1507 259 1537; x_wconf 85' lang='lat' dir='ltr'><strong>ad</strong></span> <span class='ocrx_word' id='word_1_167' title='bbox 272 1507 422 1546; x_wconf 78' lang='lat' dir='ltr'><strong>Nepotem</strong></span> <span class='ocrx_word' id='word_1_168' title='bbox 438 1507 607 1538; x_wconf 84' lang='lat' dir='ltr'><strong>Ausonium</strong></span> <span class='ocrx_word' id='word_1_169' title='bbox 622 1506 725 1546; x_wconf 71' lang='lat' dir='ltr'><strong>Aiuyl.</strong></span> <span class='ocrx_word' id='word_1_170' title='bbox 740 1506 763 1540; x_wconf 91' lang='lat'><strong>1.</strong></span> <span class='ocrx_word' id='word_1_171' title='bbox 782 1507 836 1545; x_wconf 85' lang='lat' dir='ltr'><strong>IV,</strong></span> <span class='ocrx_word' id='word_1_172' title='bbox 855 1508 970 1544; x_wconf 84' lang='grc'><strong>67-68;</strong></span> <span class='ocrx_word' id='word_1_173' title='bbox 988 1518 1007 1537; x_wconf 68' lang='grc' dir='ltr'><strong><em>κ</em></strong></span> <span class='ocrx_word' id='word_1_174' title='bbox 1021 1507 1137 1538; x_wconf 85' lang='lat' dir='ltr'><strong>multos</strong></span> <span class='ocrx_word' id='word_1_175' title='bbox 1148 1508 1269 1539; x_wconf 71' lang='lat' dir='ltr'><strong>lactan-</strong></span> 
     </span>
     <span class='ocr_line' id='line_1_28' title="bbox 133 1548 561 1587; baseline 0.002 -9"><span class='ocrx_word' id='word_1_176' title='bbox 133 1548 221 1579; x_wconf 82' lang='lat' dir='ltr'><strong>tibus</strong></span> <span class='ocrx_word' id='word_1_177' title='bbox 242 1549 333 1579; x_wconf 79' lang='lat' dir='ltr'><strong>annis</strong></span> <span class='ocrx_word' id='word_1_178' title='bbox 354 1549 423 1587; x_wconf 88' lang='lat' dir='ltr'><strong>Ipse</strong></span> <span class='ocrx_word' id='word_1_179' title='bbox 443 1548 518 1581; x_wconf 81' lang='lat' dir='ltr'><strong>alui.</strong></span> <span class='ocrx_word' id='word_1_180' title='bbox 543 1559 561 1576; x_wconf 84' lang='lat'><strong>»</strong></span> 
     </span>
    </p>

    <p class='ocr_par' dir='ltr' id='par_1_12' title="bbox 130 1587 1269 1669">
     <span class='ocr_line' id='line_1_29' title="bbox 176 1587 1269 1630; baseline 0.001 -10"><span class='ocrx_word' id='word_1_181' title='bbox 176 1587 228 1630; x_wconf 83' lang='lat'><strong>(3)</strong></span> <span class='ocrx_word' id='word_1_182' title='bbox 247 1599 310 1628; x_wconf 78' lang='lat' dir='ltr'><strong>per</strong></span> <span class='ocrx_word' id='word_1_183' title='bbox 334 1591 450 1620; x_wconf 75' lang='lat' dir='ltr'><strong>sidera</strong></span> <span class='ocrx_word' id='word_1_184' title='bbox 469 1591 568 1628; x_wconf 73' lang='lat' dir='ltr'><strong>ferri.</strong></span> <span class='ocrx_word' id='word_1_185' title='bbox 591 1590 676 1627; x_wconf 76' lang='lat' dir='ltr'><strong>Magi</strong></span> <span class='ocrx_word' id='word_1_186' title='bbox 704 1591 828 1621; x_wconf 78' lang='lat' dir='ltr'><strong>stellam</strong></span> <span class='ocrx_word' id='word_1_187' title='bbox 848 1591 1008 1627; x_wconf 82' lang='lat' dir='ltr'><strong>viderunt,</strong></span> <span class='ocrx_word' id='word_1_188' title='bbox 1030 1599 1108 1629; x_wconf 78' lang='lat' dir='ltr'><strong>quae</strong></span> <span class='ocrx_word' id='word_1_189' title='bbox 1129 1591 1269 1622; x_wconf 85' lang='lat' dir='ltr'><strong>divinum</strong></span> 
     </span>
     <span class='ocr_line' id='line_1_30' title="bbox 116 1630 1270 1669; baseline 0 -6"><span class='ocrx_word' id='word_1_190' title='bbox 116 1630 275 1668; x_wconf 19' lang='lat' dir='ltr'><strong>NJPuemm</strong></span> <span class='ocrx_word' id='word_1_191' title='bbox 282 1632 365 1662; x_wconf 89' lang='lat' dir='ltr'><strong>orbis</strong></span> <span class='ocrx_word' id='word_1_192' title='bbox 375 1636 530 1662; x_wconf 75' lang='lat' dir='ltr'><strong>terrarum</strong></span> <span class='ocrx_word' id='word_1_193' title='bbox 541 1641 658 1669; x_wconf 84' lang='lat' dir='ltr'><strong>regem,</strong></span> <span class='ocrx_word' id='word_1_194' title='bbox 666 1632 854 1669; x_wconf 75' lang='lat' dir='ltr'><strong>significaret</strong></span> <span class='ocrx_word' id='word_1_195' title='bbox 868 1634 990 1663; x_wconf 81' lang='lat' dir='ltr'><strong>natum.</strong></span> <span class='ocrx_word' id='word_1_196' title='bbox 1000 1634 1037 1664; x_wconf 83' lang='lat' dir='ltr'><strong>V.</strong></span> <span class='ocrx_word' id='word_1_197' title='bbox 1050 1633 1270 1664; x_wconf 66' lang='lat' dir='ltr'><strong>Cannutium.</strong></span> 
     </span>
    </p>

    <p class='ocr_par' dir='ltr' id='par_1_13' title="bbox 177 1673 1088 1714">
     <span class='ocr_line' id='line_1_31' title="bbox 177 1673 1088 1714; baseline 0 -10"><span class='ocrx_word' id='word_1_198' title='bbox 177 1673 226 1714; x_wconf 83' lang='lat'><strong>(4)</strong></span> <span class='ocrx_word' id='word_1_199' title='bbox 243 1673 345 1704; x_wconf 71' lang='lat' dir='ltr'><strong>Sidus</strong></span> <span class='ocrx_word' id='word_1_200' title='bbox 365 1676 396 1704; x_wconf 72' lang='lat' dir='ltr'><strong>et</strong></span> <span class='ocrx_word' id='word_1_201' title='bbox 417 1673 610 1710; x_wconf 70' lang='lat' dir='ltr'><strong>Hircinum,</strong></span> <span class='ocrx_word' id='word_1_202' title='bbox 626 1674 707 1711; x_wconf 88' lang='lat' dir='ltr'><strong>quod</strong></span> <span class='ocrx_word' id='word_1_203' title='bbox 721 1673 925 1713; x_wconf 78' lang='lat' dir='ltr'><strong>Capricornus</strong></span> <span class='ocrx_word' id='word_1_204' title='bbox 947 1676 1088 1705; x_wconf 78' lang='lat' dir='ltr'><strong>vocatur.</strong></span> 
     </span>
    </p>

    <p class='ocr_par' dir='ltr' id='par_1_14' title="bbox 130 1715 1272 1878">
     <span class='ocr_line' id='line_1_32' title="bbox 174 1715 1270 1755; baseline -0.001 -8"><span class='ocrx_word' id='word_1_205' title='bbox 174 1716 219 1754; x_wconf 85' lang='lat'><strong>(5)</strong></span> <span class='ocrx_word' id='word_1_206' title='bbox 243 1715 337 1745; x_wconf 85' lang='lat' dir='ltr'><strong>Puer</strong></span> <span class='ocrx_word' id='word_1_207' title='bbox 373 1715 526 1755; x_wconf 58' lang='lat' dir='ltr'><strong>Hydriae</strong></span> <span class='ocrx_word' id='word_1_208' title='bbox 548 1717 597 1746; x_wconf 88' lang='lat' dir='ltr'><strong>est</strong></span> <span class='ocrx_word' id='word_1_209' title='bbox 624 1715 752 1753; x_wconf 81' lang='lat' dir='ltr'><strong>Aquarii</strong></span> <span class='ocrx_word' id='word_1_210' title='bbox 781 1715 927 1746; x_wconf 81' lang='lat' dir='ltr'><strong>sidus.»</strong></span> <span class='ocrx_word' id='word_1_211' title='bbox 956 1733 999 1739; x_wconf 91' lang='grc'><strong>--</strong></span> <span class='ocrx_word' id='word_1_212' title='bbox 1029 1716 1107 1747; x_wconf 73' lang='lat' dir='ltr'><strong>inde</strong></span> <span class='ocrx_word' id='word_1_213' title='bbox 1127 1716 1270 1755; x_wconf 72' lang='lat' dir='ltr'><strong>Sayt&#39;tta,</strong></span> 
     </span>
     <span class='ocr_line' id='line_1_33' title="bbox 130 1756 1272 1798; baseline 0.001 -11"><span class='ocrx_word' id='word_1_214' title='bbox 130 1756 255 1795; x_wconf 73' lang='lat' dir='ltr'><strong>signum</strong></span> <span class='ocrx_word' id='word_1_215' title='bbox 278 1756 390 1788; x_wconf 79' lang='lat' dir='ltr'><strong>celeste</strong></span> <span class='ocrx_word' id='word_1_216' title='bbox 417 1756 568 1796; x_wconf 83' lang='lat' dir='ltr'><strong>spiculum</strong></span> <span class='ocrx_word' id='word_1_217' title='bbox 597 1757 715 1788; x_wconf 84' lang='lat' dir='ltr'><strong>habens</strong></span> <span class='ocrx_word' id='word_1_218' title='bbox 744 1757 783 1788; x_wconf 83' lang='lat' dir='ltr'><strong>ad</strong></span> <span class='ocrx_word' id='word_1_219' title='bbox 804 1758 896 1798; x_wconf 85' lang='lat' dir='ltr'><strong>pedes</strong></span> <span class='ocrx_word' id='word_1_220' title='bbox 925 1759 1018 1795; x_wconf 86' lang='lat' dir='ltr'><strong>Equi,</strong></span> <span class='ocrx_word' id='word_1_221' title='bbox 1041 1758 1172 1789; x_wconf 80' lang='lat' dir='ltr'><strong>alteram</strong></span> <span class='ocrx_word' id='word_1_222' title='bbox 1200 1767 1272 1788; x_wconf 86' lang='lat' dir='ltr'><strong>vero</strong></span> 
     </span>
     <span class='ocr_line' id='line_1_34' title="bbox 131 1798 1270 1839; baseline 0.001 -10"><span class='ocrx_word' id='word_1_223' title='bbox 131 1800 254 1837; x_wconf 81' lang='lat' dir='ltr'><strong>partem</strong></span> <span class='ocrx_word' id='word_1_224' title='bbox 285 1799 326 1830; x_wconf 82' lang='lat' dir='ltr'><strong>ad</strong></span> <span class='ocrx_word' id='word_1_225' title='bbox 354 1799 496 1830; x_wconf 87' lang='lat' dir='ltr'><strong>humeros</strong></span> <span class='ocrx_word' id='word_1_226' title='bbox 528 1798 717 1838; x_wconf 83' lang='lat' dir='ltr'><strong>Ophiunchi.</strong></span> <span class='ocrx_word' id='word_1_227' title='bbox 745 1815 791 1824; x_wconf 78' lang='lat'><strong>-.</strong></span> <span class='ocrx_word' id='word_1_228' title='bbox 814 1800 935 1839; x_wconf 80' lang='lat' dir='ltr'><strong>prodit</strong></span> <span class='ocrx_word' id='word_1_229' title='bbox 966 1803 1128 1832; x_wconf 72' lang='lat' dir='ltr'><strong>amatores</strong></span> <span class='ocrx_word' id='word_1_230' title='bbox 1155 1800 1270 1830; x_wconf 73' lang='lat' dir='ltr'><strong>tacitos</strong></span> 
     </span>
     <span class='ocr_line' id='line_1_35' title="bbox 133 1841 1016 1878; baseline 0.002 -7"><span class='ocrx_word' id='word_1_231' title='bbox 133 1842 299 1878; x_wconf 82' lang='lat' dir='ltr'><strong>utramque</strong></span> <span class='ocrx_word' id='word_1_232' title='bbox 319 1842 458 1873; x_wconf 66' lang='lat' dir='ltr'><strong>ostentat</strong></span> <span class='ocrx_word' id='word_1_233' title='bbox 478 1841 606 1878; x_wconf 81' lang='lat' dir='ltr'><strong>Ursam,</strong></span> <span class='ocrx_word' id='word_1_234' title='bbox 628 1841 777 1872; x_wconf 77' lang='lat' dir='ltr'><strong>Maiorem</strong></span> <span class='ocrx_word' id='word_1_235' title='bbox 801 1843 834 1872; x_wconf 86' lang='lat' dir='ltr'><strong>et</strong></span> <span class='ocrx_word' id='word_1_236' title='bbox 854 1843 1016 1874; x_wconf 86' lang='lat' dir='ltr'><strong>Minorem.</strong></span> 
     </span>
    </p>

    <p class='ocr_par' dir='ltr' id='par_1_15' title="bbox 132 1882 1275 2176">
     <span class='ocr_line' id='line_1_36' title="bbox 176 1882 1271 1923; baseline 0.001 -10"><span class='ocrx_word' id='word_1_237' title='bbox 176 1882 225 1923; x_wconf 86' lang='grc'><strong>(6)</strong></span> <span class='ocrx_word' id='word_1_238' title='bbox 247 1883 414 1913; x_wconf 66' lang='lat' dir='ltr'><strong>excidium</strong></span> <span class='ocrx_word' id='word_1_239' title='bbox 445 1883 544 1914; x_wconf 77' lang='lat' dir='ltr'><strong>sentit</strong></span> <span class='ocrx_word' id='word_1_240' title='bbox 575 1884 644 1913; x_wconf 78' lang='lat' dir='ltr'><strong>iam</strong></span> <span class='ocrx_word' id='word_1_241' title='bbox 672 1884 805 1923; x_wconf 69' lang='lat' dir='ltr'><strong>iamque</strong></span> <span class='ocrx_word' id='word_1_242' title='bbox 834 1884 1002 1920; x_wconf 76' lang='lat' dir='ltr'><strong>futurum.</strong></span> <span class='ocrx_word' id='word_1_243' title='bbox 1032 1884 1077 1915; x_wconf 90' lang='lat' dir='ltr'><strong>De</strong></span> <span class='ocrx_word' id='word_1_244' title='bbox 1105 1883 1182 1914; x_wconf 86' lang='lat' dir='ltr'><strong>hora</strong></span> <span class='ocrx_word' id='word_1_245' title='bbox 1209 1883 1271 1914; x_wconf 88' lang='lat' dir='ltr'><strong>diei</strong></span> 
     </span>
     <span class='ocr_line' id='line_1_37' title="bbox 132 1924 1271 1964; baseline 0.002 -10"><span class='ocrx_word' id='word_1_246' title='bbox 132 1924 356 1960; x_wconf 81' lang='lat' dir='ltr'><strong>memorabilis,</strong></span> <span class='ocrx_word' id='word_1_247' title='bbox 380 1934 442 1963; x_wconf 89' lang='lat' dir='ltr'><strong>qua</strong></span> <span class='ocrx_word' id='word_1_248' title='bbox 462 1925 652 1964; x_wconf 83' lang='lat' dir='ltr'><strong>Redemptor</strong></span> <span class='ocrx_word' id='word_1_249' title='bbox 673 1926 796 1964; x_wconf 83' lang='lat' dir='ltr'><strong>generis</strong></span> <span class='ocrx_word' id='word_1_250' title='bbox 828 1925 981 1963; x_wconf 81' lang='lat' dir='ltr'><strong>humani,</strong></span> <span class='ocrx_word' id='word_1_251' title='bbox 1016 1937 1033 1954; x_wconf 86' lang='lat'>«</span> <span class='ocrx_word' id='word_1_252' title='bbox 1055 1927 1208 1956; x_wconf 85' lang='lat' dir='ltr'><strong>insontem</strong></span> <span class='ocrx_word' id='word_1_253' title='bbox 1232 1934 1271 1956; x_wconf 84' lang='lat' dir='ltr'><strong>a·</strong></span> 
     </span>
     <span class='ocr_line' id='line_1_38' title="bbox 134 1966 1271 2006; baseline 0.002 -10"><span class='ocrx_word' id='word_1_254' title='bbox 134 1967 252 1997; x_wconf 84' lang='lat' dir='ltr'><strong>nimam</strong></span> <span class='ocrx_word' id='word_1_255' title='bbox 273 1967 389 2002; x_wconf 77' lang='lat' dir='ltr'><strong>tecum,</strong></span> <span class='ocrx_word' id='word_1_256' title='bbox 413 1966 525 1998; x_wconf 83' lang='lat' dir='ltr'><strong>Pater!</strong></span> <span class='ocrx_word' id='word_1_257' title='bbox 560 1967 667 2006; x_wconf 77' lang='lat' dir='ltr'><strong>accipe</strong></span> <span class='ocrx_word' id='word_1_258' title='bbox 699 1967 793 2003; x_wconf 70' lang='lat' dir='ltr'><strong>dixit.</strong></span> <span class='ocrx_word' id='word_1_259' title='bbox 817 1967 1059 2006; x_wconf 88' lang='lat' dir='ltr'><strong>Supremamque</strong></span> <span class='ocrx_word' id='word_1_260' title='bbox 1075 1977 1202 2004; x_wconf 75' lang='lat' dir='ltr'><strong>auram,</strong></span> <span class='ocrx_word' id='word_1_261' title='bbox 1219 1976 1271 2006; x_wconf 90' lang='lat' dir='ltr'><strong>po-</strong></span> 
     </span>
     <span class='ocr_line' id='line_1_39' title="bbox 134 2008 1269 2048; baseline 0.003 -10"><span class='ocrx_word' id='word_1_262' title='bbox 134 2017 211 2039; x_wconf 88' lang='lat' dir='ltr'><strong>nens</strong></span> <span class='ocrx_word' id='word_1_263' title='bbox 231 2009 335 2046; x_wconf 80' lang='lat' dir='ltr'><strong>caput,</strong></span> <span class='ocrx_word' id='word_1_264' title='bbox 358 2008 515 2047; x_wconf 82' lang='lat' dir='ltr'><strong>expiravit</strong></span> <span class='ocrx_word' id='word_1_265' title='bbox 537 2020 568 2045; x_wconf 67' lang='grc' dir='ltr'><strong>ιο,</strong></span> <span class='ocrx_word' id='word_1_266' title='bbox 590 2010 640 2040; x_wconf 85' lang='lat' dir='ltr'><strong>uti</strong></span> <span class='ocrx_word' id='word_1_267' title='bbox 660 2009 778 2040; x_wconf 88' lang='lat' dir='ltr'><strong>cecinit</strong></span> <span class='ocrx_word' id='word_1_268' title='bbox 797 2010 933 2041; x_wconf 67' lang='lat' dir='ltr'><strong>Hmflon.</strong></span> <span class='ocrx_word' id='word_1_269' title='bbox 961 2010 1064 2047; x_wconf 69' lang='lat' dir='ltr'><strong>VmA,</strong></span> <span class='ocrx_word' id='word_1_270' title='bbox 1086 2010 1269 2048; x_wconf 86' lang='lat' dir='ltr'><strong>(Christiad.</strong></span> 
     </span>
     <span class='ocr_line' id='line_1_40' title="bbox 136 2050 1268 2090; baseline 0.001 -11"><span class='ocrx_word' id='word_1_271' title='bbox 136 2050 176 2086; x_wconf 85' lang='lat' dir='ltr'><strong>V,</strong></span> <span class='ocrx_word' id='word_1_272' title='bbox 197 2050 253 2081; x_wconf 90' lang='lat' dir='ltr'><strong>sub</strong></span> <span class='ocrx_word' id='word_1_273' title='bbox 276 2050 330 2082; x_wconf 85' lang='lat' dir='ltr'><strong>fin.</strong></span> <span class='ocrx_word' id='word_1_274' title='bbox 352 2050 571 2088; x_wconf 81' lang='lat' dir='ltr'><strong>Evangelistae</strong></span> <span class='ocrx_word' id='word_1_275' title='bbox 591 2051 705 2088; x_wconf 64' lang='lat' dir='ltr'><strong>chss,</strong></span> <span class='ocrx_word' id='word_1_276' title='bbox 737 2051 922 2087; x_wconf 70' lang='lat' dir='ltr'><strong>Mnrnrvs.</strong></span> <span class='ocrx_word' id='word_1_277' title='bbox 947 2053 981 2082; x_wconf 88' lang='lat' dir='ltr'><strong>et</strong></span> <span class='ocrx_word' id='word_1_278' title='bbox 1001 2051 1132 2083; x_wconf 72' lang='lat' dir='ltr'><strong>MAncvs</strong></span> <span class='ocrx_word' id='word_1_279' title='bbox 1165 2052 1268 2090; x_wconf 77' lang='lat' dir='ltr'><strong>prima</strong></span> 
     </span>
     <span class='ocr_line' id='line_1_41' title="bbox 138 2091 1275 2131; baseline 0.002 -9"><span class='ocrx_word' id='word_1_280' title='bbox 138 2091 240 2123; x_wconf 84' lang='lat' dir='ltr'><strong>fronte</strong></span> <span class='ocrx_word' id='word_1_281' title='bbox 260 2091 427 2123; x_wconf 83' lang='lat' dir='ltr'><strong>dissentire</strong></span> <span class='ocrx_word' id='word_1_282' title='bbox 446 2092 602 2125; x_wconf 79' lang='lat' dir='ltr'><strong>videntur.</strong></span> <span class='ocrx_word' id='word_1_283' title='bbox 626 2092 687 2124; x_wconf 80' lang='lat' dir='ltr'><strong>Sed</strong></span> <span class='ocrx_word' id='word_1_284' title='bbox 698 2093 803 2124; x_wconf 83' lang='lat' dir='ltr'><strong>Vitam</strong></span> <span class='ocrx_word' id='word_1_285' title='bbox 826 2093 894 2124; x_wconf 84' lang='lat' dir='ltr'><strong>Iesu</strong></span> <span class='ocrx_word' id='word_1_286' title='bbox 916 2093 1031 2125; x_wconf 83' lang='lat' dir='ltr'><strong>Christi</strong></span> <span class='ocrx_word' id='word_1_287' title='bbox 1053 2094 1103 2124; x_wconf 83' lang='lat' dir='ltr'><strong>a&#39;di</strong></span> <span class='ocrx_word' id='word_1_288' title='bbox 1126 2102 1146 2124; x_wconf 87' lang='lat' dir='ltr'><strong>a</strong></span> <span class='ocrx_word' id='word_1_289' title='bbox 1159 2093 1275 2131; x_wconf 72' lang='lat' dir='ltr'><strong>ann,</strong></span> 
     </span>
     <span class='ocr_line' id='line_1_42' title="bbox 138 2133 1273 2176; baseline -0.002 -9"><span class='ocrx_word' id='word_1_290' title='bbox 138 2133 233 2167; x_wconf 77' lang='lat' dir='ltr'><strong>Patre</strong></span> <span class='ocrx_word' id='word_1_291' title='bbox 245 2133 472 2172; x_wconf 79' lang='lat' dir='ltr'><strong>Dominiciano,</strong></span> <span class='ocrx_word' id='word_1_292' title='bbox 484 2134 573 2166; x_wconf 81' lang='lat' dir='ltr'><strong>docte</strong></span> <span class='ocrx_word' id='word_1_293' title='bbox 579 2134 782 2175; x_wconf 84' lang='lat' dir='ltr'><strong>perscriptam</strong></span> <span class='ocrx_word' id='word_1_294' title='bbox 794 2135 882 2168; x_wconf 86' lang='lat' dir='ltr'><strong>Tom.</strong></span> <span class='ocrx_word' id='word_1_295' title='bbox 891 2135 931 2173; x_wconf 89' lang='lat'><strong>11,</strong></span> <span class='ocrx_word' id='word_1_296' title='bbox 941 2135 1015 2176; x_wconf 78' lang='lat' dir='ltr'><strong>Cep.</strong></span> <span class='ocrx_word' id='word_1_297' title='bbox 1029 2135 1191 2175; x_wconf 75' lang='lat' dir='ltr'><strong>V111,pag.</strong></span> <span class='ocrx_word' id='word_1_298' title='bbox 1200 2134 1258 2166; x_wconf 83' lang='lat'><strong>331</strong></span> <span class='ocrx_word' id='word_1_299' title='bbox 1266 2159 1273 2171; x_wconf 82' lang='lat'><strong>,</strong></span> 
     </span>
    </p>
   </div>
  </div>
 </body>
</html>
