1566 2482
954 2 958 3 ‘
975 0 1022 10 ‘'⁴⁶-
1038 0 1091 18 ᾸΞΤ
1111 0 1163 16 3’7‘·

249 129 299 168 10
623 139 776 168 Avnnnn
802 138 1005 168 annnn'rn

247 252 404 301 Spiritus
423 253 498 291 ista
515 251 585 290 Dei
602 251 782 300 complet:
807 252 906 289 Deus
923 251 1004 299 ipse
1023 250 1150 289 fideles
1330 250 1382 290 10

246 307 294 344 In
311 306 464 355 populos
483 305 668 344 charisma
689 304 749 355 (1)
770 316 878 343 suum
897 304 1100 342 diffundere
1120 305 1302 352 promtus,

247 360 296 398 Et
314 359 437 397 Patris
456 360 491 397 et
511 358 648 397 Christi
666 358 841 396 virtutem
860 358 899 395 in
919 368 1069 406 corpora
1086 357 1265 396 transfert
1285 358 1358 408 (2).

576 506 703 545 ALIA
722 505 1013 545 PRAEFATIO
1040 504 1061 527 *

248 597 318 635 Est
335 608 423 645 ¹vera
442 597 569 634 secta?
586 596 638 643 te,
656 595 851 643 Magister,
874 593 1026 650 consulo
1055 591 1133 644 (3).

298 651 503 695 Rectamne
523 660 712 688 servamus
731 647 870 686 fidem?

246 704 310 743 An
329 703 497 752 viperina
515 714 591 741 non
610 713 782 745 cavemus
801 702 994 750 dogmata,

297 757 350 805 Et
367 756 573 803 nescientes
591 756 750 794 labimur
765 757 782 792 ⁴?

232 832 233 836 =
249 811 381 847 Artam
398 809 532 854 salutis
552 809 612 855 vix
630 809 731 847 viam
750 808 954 847 discernere
973 809 1030 846 est

301 863 406 901 Inter
424 863 579 901 reflexas
599 862 762 901 semitas.

206 919 221 961 ?
248 917 340 954 Tam
356 916 475 954 multa
494 917 655 964 surgunt
671 915 894 964 perfidorum
913 915 1089 963 compita,

301 969 422 1008 Tortis
436 969 553 1018 polita
571 969 754 1008 erroribus
770 985 778 1007 :

249 1023 408 1071 obliqua
427 1035 506 1061 sese
525 1023 725 1062 conserunt
743 1022 903 1062 divortia
932 1021 1010 1071 (4),

301 1077 402 1115 Hinc
420 1076 504 1114 inde
523 1076 634 1115 textis
653 1076 783 1115 orbitis
1335 1073 1385 1113 10

1363 807 1385 843 ιἹ

311 1183 356 1221 (1)
385 1182 564 1212 charisma.
595 1181 760 1227 χάρισμα.
790 1188 922 1225 primam
946 1188 1030 1218 vocis
1058 1187 1212 1226 syllabam
1234 1187 1386 1226 produxit

249 1230 367 1266 noster,
383 1229 431 1259 uti
447 1229 479 1258 in
494 1229 608 1267 hymno
622 1230 710 1266 XIII,
729 1230 765 1260 61
780 1227 866 1275 Περὶ
891 1227 990 1276 Στεφ.
1013 1229 1078 1260 Hoc
1094 1230 1196 1269 ipsum
1221 1228 1387 1260 factitavit

249 1277 457 1306 Fonrvna'rvs
472 1276 656 1307 VENAN‘rws
677 1277 821 1308 licenter.

314 1317 406 1358 (2)-ἰη
421 1327 560 1356 corpora
577 1319 751 1356 transfert,
761 1319 794 1349 in
806 1318 1056 1350 Christianorum
1063 1327 1202 1358 corpora,
1216 1326 1295 1356 quae
1307 1319 1387 1349 tem-

248 1360 333 1397 plum
347 1360 416 1398 Dei,
432 1360 628 1398 Spiritusque
639 1359 747 1391 Sancti
762 1361 954 1392 domicilium
967 1360 1179 1400 adpellantur.
1203 1361 1224 1390 V
1239 1360 1272 1391 S.
1285 1360 1385 1391 Pur..

249 1402 288 1431 ad
310 1401 452 1431 Corinth.
472 1402 500 1437 1,
526 1402 557 1438 3,
583 1402 638 1438 16;
664 1402 696 1438 2,
723 1402 754 1432 6.

312 1443 326 1455 ³*
349 1442 479 1473 Carmen
504 1443 645 1482 Epodon,
675 1444 822 1474 constans
850 1444 979 1475 Senario
1006 1444 1139 1476 iambico
1150 1466 1159 1482 ‚
1183 1444 1233 1475 cui
1261 1442 1388 1474 addit-ur

248 1484 381 1515 dimeter
401 1485 565 1516 iambicus.

311 1525 359 1565 (3)
384 1526 443 1556 Est
463 1535 542 1556 vera
562 1527 673 1557 secta?
695 1526 860 1565 Quaeritur
882 1528 988 1559 utrum
1010 1527 1259 1559 Christianorum
1274 1526 1388 1564 religio

250 1568 334 1598 inter
347 1569 449 1599 sectas
462 1568 507 1598 sit
520 1569 743 1606 enumeranda,
758 1578 814 1600 nec
828 1578 879 1600 ne.
896 1569 966 1600 Sive
981 1579 999 1600 a
1013 1570 1162 1606 secando,
1178 1570 1245 1600 sive
1260 1578 1279 1599 a
1293 1569 1387 1599 verbo

247 1618 374 1648 sequor,
391 1611 458 1639 eris
472 1610 654 1640 vocabulum
668 1610 801 1647 derives,
817 1613 905 1642 secta
922 1613 973 1642 est
987 1612 1113 1642 familia
1143 1612 1294 1650 quaedam
1305 1633 1314 1647 ‚
1330 1611 1403 1640 aut<

248 1654 296 1681 est
311 1652 428 1688 schola,
444 1651 489 1681 vel
507 1652 701 1688 quorundam
712 1653 893 1683 mortalium
905 1654 1106 1692 congregatio
1120 1653 1294 1684 studiorum
1305 1660 1390 1683 com-

248 1693 389 1723 munium
410 1702 515 1730 causa,
536 1694 586 1724 vel
609 1694 743 1724 alicuius
764 1695 916 1725 commodi
936 1703 991 1733 spe
1011 1704 1109 1725 unum
1130 1695 1267 1732 aliquem
1287 1693 1387 1731 magi-

247 1735 361 1771 strum,
383 1737 438 1764 aut
459 1735 566 1765 ducem
589 1736 804 1772 sequentium
828 1738 861 1766 et
882 1736 1035 1774 accipitur
1057 1736 1238 1774 plerumque
1253 1736 1286 1765 in
1301 1735 1386 1765 dete-

247 1775 358 1806 riorem
372 1777 489 1814 partem
503 1776 551 1805 uti
565 1777 695 1815 assecla,
711 1778 894 1813 assectator,
902 1777 1054 1809 etc.Olim
1070 1778 1175 1808 tamen
1190 1785 1283 1816 penes
1297 1775 1387 1807 Chri—

247 1817 368 1847 stianos
391 1826 452 1848 non
468 1817 546 1847 male
562 1826 622 1848 vox
636 1818 795 1856 audiebat,
806 1819 854 1848 uti
869 1819 1010 1850 videmus
1024 1819 1057 1850 in
1071 1818 1151 1849 libro
1165 1819 1384 1849 Taurunum

247 1859 285 1888 de
297 1858 420 1896 Pallio,
433 1859 485 1890 ubi
498 1859 709 1890 Christianor.
728 1860 902 1891 doctrinam
923 1861 1083 1899 appellate
1096 1861 1246 1891 divinam
1265 1862 1385 1890 sectam

247 1908 309 1930 non
331 1900 500 1931 dubitavit.
522 1917 566 1923 -—
586 1900 761 1939 Magister,
777 1901 902 1932 scilicet
916 1903 1011 1938 Deus,
1028 1903 1082 1940 qui
1103 1911 1195 1933 verus
1210 1902 1249 1933 od
1271 1901 1384 1932 unicus

246 1941 419 1972 Christiani
440 1942 576 1972 nominis
597 1943 748 1980 magister
770 1944 831 1974 est.
855 1943 890 1974 V.
914 1944 1043 1974 Mum.
1066 1944 1186 1981 XXIII,
1210 1944 1241 1976 8.

263 2007 266 2011 Α
309 1982 355 2022 (4)
377 1983 509 2023 obliqua
530 1993 564 2014 se
584 1987 771 2016 conserunt.
796 1985 924 2021 Hamas„
948 1986 1091 2016 omnibus
1119 1986 1240 2016 Vaticc.
1257 1992 1382 2016 consen-

247 2024 415 2061 tientibus3
429 2034 525 2062 neque
537 2026 710 2057 Csnmmvs
721 2026 889 2064 quidquam
905 2027 1015 2058 debuit
1030 2028 1206 2058 immutare.
1222 2044 1266 2050 —
1278 2027 1383 2058 Glssst..

247 2067 280 2096 et
300 2067 456 2097 Tnsouvs
476 2067 595 2098 habent
607 2077 674 2098 sese
689 2069 875 2106 conferunt.
890 2085 933 2091 —-
946 2069 1103 2100 divortia.
1121 2070 1295 2100 Divortium
1316 2075 1383 2107 pro-
