1566 2482
565 170 854 213 mmm-reuma

87 330 90 331 γ
140 295 276 334 Nonne
301 293 375 333 fuit
400 292 533 332 melius
559 304 712 332 saevum
739 292 996 341 Memphitidis
1023 293 1132 334 aulae·
1161 294 1223 345 (1)

139 348 342 397 Imperium
365 347 544 386 tolerasse
571 349 711 396 patres,
739 346 964 396 penitusque
991 347 1159 386 sinistris

138 402 341 442 Adsedisse
368 401 460 440 focis
474 403 492 440 ?
519 401 661 450 positos
688 401 899 439 Pharaonis
926 401 1048 450 iniqui
1203 403 1280 440 465

138 457 214 495 Sub
238 457 410 505 pedibus,
438 455 544 502 limo,
573 457 611 494 et
637 455 757 503 paleis
784 455 1118 504 servireparatos,

139 511 272 550 Carnis
299 511 338 549 et
364 509 584 548 immodicae
611 520 745 557 spurco
771 509 979 547 ructamine
1008 510 1170 548 crudos?

137 566 215 612 Quo
241 565 393 603 tantum
421 563 551 602 auxilii
577 574 642 611 per
669 562 896 611 prodigialia
925 563 986 612 (2)
1015 563 1130 612 signa

136 618 281 657 Effudit
307 617 505 664 Dominus,
535 617 713 665 populum
741 617 829 655 dum
857 617 951 656 forte
979 617 1156 656 rebellem
1183 627 1187 629 “

137 669 268 710 Servat
293 683 360 720 ope
389 671 588 718 immerita,
618 671 756 710 vinclis
783 671 882 716 dum>
900 671 1052 709 subdita
1078 672 1175 710 colla
1203 672 1281 709 470

136 726 275 773 Solvit,⁸
298 727 336 764 et
362 727 577 775 Aegyptum
604 726 714 774 virga
742 726 914 773 serpente
941 726 1083 764 coercet
1111 727 1201 774 (3)?

135 780 233 826 Quid
250 780 356 818 iuvat
373 791 595 828 aequoreum
615 779 675 828 (4)
695 779 828 827 pelago
847 780 1001 818 cedente
1018 779 1246 827 profundum

136 833 319 872 Pulverea
344 834 509 872 calcasse
535 833 618 871 via:
650 844 765 881 quum
791 832 941 872 conscia
968 833 1076 881 ponti

135 888 330 926 Saxarsub
357 887 486 936 ignoto
512 888 714 935 patuerunt
740 887 887 935 prodita
913 887 1031 932 caelo,

137 941 250 979 Aruit
276 942 313 979 et
338 941 457 980 medio
485 941 619 979 sitiens
646 941 686 979 in
714 941 865 994 gurgite
893 940 1031 978 limus?
1201 941 1279 978 475

135 994 173 1032 Si
201 994 319 1033 victor
344 996 482 1034 virtute
510 995 594 1042 Dei,
624 995 838 1043 mediasque
866 995 1038 1033 tenebras

134 1048 232 1086 Luce
259 1049 466 1087 columnari
495 1048 554 1097 (5)
583 1048 758 1087 scindens
785 1049 971 1087 exercitus
997 1048 1102 1094 olim,

136 1101 303 1140 Perdidit
329 1102 474 1141 inventi
501 1103 636 1141 vallem
665 1103 856 1152 botryonis
887 1103 946 1152 (6)
977 1102 1140 1150 opimam
1156 1104 1174 1139 Ρ

94 1161 99 1164 ’
133 1155 171 1193 Si
199 1156 320 1195 nescit
345 1167 493 1195 versare
521 1157 656 1203 solum,
686 1157 747 1196 cui
774 1156 883 1195 melle
911 1156 1066 1204 perenni

132 1209 250 1248 Gleba
276 1210 396 1249 fluens
423 1210 552 1248 niveos
579 1210 778 1259 permiscet
803 1211 927 1249 lactea
954 1211 1084 1249 rivos?
1199 1210 1278 1247 480

135 1262 174 1301 Si
202 1263 381 1302 domitam
407 1264 579 1303 Ierichon
606 1265 715 1303 lituis
744 1264 821 1314 (7),
852 1266 962 1313 atque
991 1276 1075 1302 aere
1102 1275 1239 1302 canoro

134 1318 278 1356 Rursus
296 1317 335 1356 in
355 1318 531 1367 antiquos
551 1317 609 1368 (8)
629 1319 772 1367 patitur
790 1330 1015 1367 consurgere
1042 1329 1169 1356 muros
1181 1320 1199 1355 ⁸?

101 1393 104 1395 -
135 1370 175 1408 Si
201 1371 294 1420 ripis
321 1372 427 1410 reflui
455 1372 630 1411 Iordanis
657 1373 824 1421 pellitur,
855 1374 893 1411 et
920 1373 995 1410 iam

134 1425 282 1464 Deserit
307 1426 535 1474 adscriptam
563 1426 732 1465 dimensa
759 1426 801 1465 in
828 1426 960 1475 iugera
988 1426 1153 1464 sortem?

198 1550 244 1588 (1)
266 1551 491 1589 Memphitidis
513 1551 622 1587 aulae,
639 1551 708 1582 scil.
723 1551 942 1590 Aegyptiacae.
965 1551 1119 1589 Memphis
1142 1552 1277 1581 illustris

133 1592 206 1622 olim
229 1592 290 1622 fuit
313 1593 385 1623 urbs
406 1593 447 1622 ad
468 1593 532 1623 Nili
556 1594 655 1631 ripam
668 1593 904 1630 occidentalem,
921 1594 958 1625 de
973 1602 1033 1631 qua
1047 1593 1085 1625 V.
1103 1594 1192 1623 Pun-
1209 1593 1276 1623 ΜΑ-

133 1641 241 1668 mlum,
259 1634 296 1670 V,
319 1635 350 1670 9,
375 1635 406 1664 9.

195 1676 240 1714 (2)
258 1676 480 1715 pmdt'yialia.
504 1676 548 1706 De
571 1684 644 1706 voce
667 1685 696 1707 v.
716 1677 837 1707 Contra
853 1677 978 1715 Symm.
1003 1678 1034 1709 I.
1058 1676 1132 1708 451.

195 1717 242 1756 (3)
262 1719 446 1756 Aegyptum
470 1719 565 1756 virqa
586 1721 734 1756 serpente
756 1719 887 1750 coe'rcet.
919 1719 963 1749 De
984 1719 1072 1755 virga
1096 1718 1128 1748 in
1152 1726 1275 1756 serpen-

131 1758 196 1790 tem
217 1767 362 1790 conversa
383 1759 454 1790 vide
476 1760 578 1790 Εποᾱ.
600 1760 667 1790 VII.
764 1768 770 1772 ·

193 1801 238 1837 (4)
261 1801 349 1838 Quid
370 1802 464 1831 iurat
483 1811 679 1840 aeqzeoreum
701 1802 761 1832 etc.
787 1800 826 1832 V.
854 1802 957 1833 Exocl.
981 1801 1066 1833 XIV.

193 1842 238 1880 (5)
263 1843 348 1873 Luce
369 1843 557 1873 columnari
577 1844 740 1874 scindens.
768 1844 803 1875 V.
830 1844 933 1875 Exod.
957 1843 1044 1874 XIII.

194 1884 239 1922 (6)
262 1885 379 1914 vallem
401 1885 567 1923 botryonis
589 1887 744 1924 opimam.
777 1901 821 1908 —-
851 1886 933 1917 male
967 1885 1072 1916 G1snr..
1102 1886 1272 1924 optimam.

132 1926 215 1956 Haec
230 1926 268 1956 ad
283 1927 489 1956 denotandam
504 1927 638 1964 regionis
660 1927 909 1958 chananaeorum
944 1927 1154 1958 fertilitatem.
1190 1927 1274 1957 Vitis

132 1966 264 2004 botryon
285 1968 335 1998 est
353 1977 473 2006 scopus,
500 1977 554 1999 seu
566 1969 725 2007 pediculus
744 1978 834 2007 uvae,
856 1978 896 2000 ex
919 1978 979 2006 quo
993 1968 1128 2008 pendent
1143 1969 1271 1999 racemi.

196 2008 248 2049 (7)
270 2009 431 2041 Ierichon.
456 2027 495 2032 --
519 2010 622 2042 Gism..
653 2012 843 2042 Hierichon.
874 2012 911 2042 V.
929 2011 1010 2043 Lex.
1037 2011 1128 2041 Po‘et.
1155 2011 1270 2041 Totius

131 2050 283 2090 Ltnyuae
303 2051 378 2083 Lat.
404 2051 442 2083 V.
464 2052 698 2083 Lanrnfflcmr.

133 2133 171 2163 VI
193 2093 239 2131 (8)
261 2094 394 2123 Rursus
426 2093 462 2123 in
492 2094 646 2133 antiyuos
677 2095 739 2125 etc.
762 2095 796 2126 V.
814 2095 893 2133 Req.
928 2094 1013 2132 XVI,
1036 2093 1094 2130 343
1125 2094 1159 2124 et
1179 2093 1270 2124 Iosvr:

177 2156 185 2170 ‚
208 2135 259 2166 26.
1001 2134 1005 2139 ”

211 2211 252 2243 Α.
274 2212 452 2243 annenru
475 2213 582 2252 Opera
1167 2214 1184 2246 7
