1566 2482
471 128 473 130 ¹
507 119 514 139 ³
560 118 866 186 ‘mmmm
1144 124 1148 126 .
1174 113 1178 115 Δ
1209 141 1287 180 105
1318 125 1322 128 γ

149 269 361 307 Immunem
385 265 494 306 modo
521 277 602 306 sese
628 267 778 314 anima,
808 265 1077 370 expertemque[
1091 275 1155 302 ne-

1046 334 1050 338 ’
1077 317 1184 356 fandi
1212 318 1290 356 655

148 375 328 422 Audstus,
357 374 447 417 felix
474 373 612 413 stolida
637 374 831 412 conservet
856 373 905 411 ab
932 384 1036 411 aure.

148 430 239 476 Quis
266 428 363 467 ferat
388 429 480 466 haec
506 428 645 466 iniecta
673 429 750 466 Deo
777 427 977 466 convicia?
1004 426 1069 474 qui
1097 438 1136 464 se

151 483 301 522 Divinis
326 482 496 521 meminit
522 481 744 530 praecellere
771 480 1010 520 nobilitatum

151 537 395 576 Muneribus?
423 535 541 574 multa
569 537 613 574 ut
638 538 798 582 taceam,
827 535 885 574 vel
913 535 993 580 sola
1020 534 1226 583 benignum

151 592 244 630 Res.
265 591 398 639 probat
425 590 513 628 ’6336
542 591 662 628 Deum
679 620 688 637 ‚
719 589 827 628 vetiti
865 590 964 637 quod
991 599 1113 627 amore
1151 599 1289 635 perem-

639 686 641 688 ,
1021 641 1094 693 [tos
1124 642 1184 691 (1)
1214 642 1292 679 660

154 697 304 737 Excitat
331 710 350 736 e
377 697 534 736 tumulis
561 697 743 744 homines,
773 697 952 746 regnique
980 708 1045 744 per
1072 707 1205 735 aevum

151 752 357 800 Partieipes
384 752 486 790 iubet
513 763 592 790 esse
620 751 699 790 sui:
731 750 797 799 qui
824 751 858 789 si
884 751 979 789 foret
1006 751 1147 796 auctor,

150 806 392 854 Servatorque
420 805 527 852 mali,
557 817 763 854 numquam
789 806 875 852 post
902 805 1040 842 damna
1070 803 1220 850 salutis,

152 861 448 908 Peccantumque
477 860 615 906 obitus,
646 858 854 898 redivivam
880 858 974 897 ferre
1003 858 1188 896 medelam

151 913 288 960 Vellet,
319 915 356 951 et
381 913 540 952 amissos
567 925 635 962 ope
661 913 870 959 restaurare
897 912 1074 951 secunda.
1214 911 1292 949 665

153 967 248 1005 Labi
260 967 437 1014 hominis,
448 979 595 1006 servare
613 967 683 1005 Dei
700 968 758 1005 est
777 967 836 1016 (2)
853 966 1017 1005 :meritis
1030 965 1128 1014 perit
1139 965 1211 1003 iste
1230 980 1238 1003 z

152 1020 224 1059 Ille
251 1020 374 1059 abolet
399 1021 588 1069 pereuntis
616 1032 723 1068 opus,
753 1020 998 1068 meritumque
1026 1019 1192 1058 resolvit.

152 1075 427 1123 Argumentum
454 1075 613 1123 ingens,
643 1074 866 1121 Dominum,
897 1074 962 1123 qui
988 1073 1083 1112 talia
1109 1073 1289 1121 praestet,

151 1128 262 1167 Nolle
289 1128 445 1175 malum,
475 1141 542 1167 nee
561 1158 570 1175 ‚
601 1129 700 1176 quod
727 1129 812 1176 post
838 1127 972 1174 abluit,
1004 1129 1091 1165 ante
1119 1127 1290 1174 probare.

152 1182 279 1220 Invito
306 1193 352 1220 ne
380 1183 519 1231 aliquis
546 1183 644 1231 potis
671 1183 730 1220 est
756 1193 906 1229 peccare
934 1182 1124 1220 Tonante:
1211 1180 1290 1218 670

154 1235 222 1274 Cui
248 1235 358 1273 facile
386 1238 443 1274 est
469 1236 510 1274 in
538 1236 645 1274 corde
673 1235 839 1274 hominis
866 1246 1083 1283 componere
1111 1246 1263 1281 sensus,

153 1290 253 1335 Quos
278 1289 408 1336 libeat,
439 1290 623 1338 fibrasque
651 1301 780 1328 omnes
807 1289 974 1327 animare
1002 1288 1147 1337 pudicis

58 1349 63 1354 '
107 1385 110 1387 ,
155 1342 348 1390 Pulsibus‚
378 1345 416 1382 et
442 1345 562 1382 totum
590 1343 696 1382 venis
724 1342 921 1381 infundere
948 1343 1175 1381 honestum?

154 1396 304 1443 Nescis,
335 1396 464 1444 stulte,
493 1399 580 1435 tuae
608 1397 685 1435 vim
711 1397 898 1435 libertatis
924 1397 973 1435 ab
999 1396 1080 1444 ipso

154 1451 366 1489 Formatore
394 1451 549 1489 datam?
577 1450 700 1490 nescis
727 1451 776 1490 ab
802 1450 947 1499 origine
975 1451 1119 1499 quanta
1213 1450 1290 1488 675

155 1504 212 1542 Sit
237 1515 415 1542 concessa
442 1504 513 1543 tibi
539 1505 680 1544 famulo
707 1516 818 1552 super
845 1504 931 1543 orbe
958 1505 1141 1552 potestas,

156 1558 206 1595 Et
233 1569 344 1605 super
370 1557 524 1607 ingenio
551 1558 713 1606 proprio,
742 1558 922 1606 laxaeque
951 1557 1072 1596 soluto

156 1611 242 1649 Iure
270 1611 496 1650 voluntatis:
527 1612 640 1650 liceat
665 1611 725 1649 cui
752 1611 862 1658 velle,
893 1611 1069 1659 sequique

157 1664 262 1710 Quod
286 1664 482 1712 placitum,
499 1665 667 1714 nullique
694 1664 862 1703 animum
890 1664 1113 1712 subiungere
1132 1662 1284 1701 vinclo?

156 1720 220 1756 An
235 1730 348 1766 quum
360 1719 595 1757 tedominum
614 1719 760 1758 cunctis
779 1718 1196 1767 quaecumquecrearat,
1218 1717 1296 1755 680

158 1772 393 1820 Praeficeret,
424 1773 678 1821 mundumque
705 1772 782 1811 tuis
812 1772 948 1811 servire
977 1772 1119 1810 iuberet

158 1825 331 1873 Imperiis
345 1840 354 1872 ;
372 1838 556 1876 quumque
571 1839 676 1874 arva,
693 1827 833 1875 polum,
851 1837 966 1874 mare,
983 1825 1156 1872 flumina,
1167 1825 1298 1862 ventos

221 1977 266 2015 (l)
283 1981 458 2016 peremtas.
481 1995 524 2000 —
544 1979 685 2012 Glssun.
706 1981 898 2018 peremptos.

222 2020 266 2058 (2)
287 2019 374 2050 Labi
395 2020 557 2059 hominis;
571 2031 702 2051 servare
716 2022 780 2051 Dei
794 2023 852 2051 est.
875 2021 922 2050 Ex
945 2019 1026 2050 OSEA
1048 2019 1127 2050 hanc
1148 2019 1298 2058 optimam

159 2062 347 2092 sententiam
368 2061 559 2101 deprompsit
579 2067 683 2093 noster
716 2062 819 2102 (X111,
843 2063 888 2101 9);
911 2070 990 2099 quae
1010 2061 1152 2098 equidem
1173 2069 1296 2092 eonsen-

158 2104 253 2134 tanea
273 2108 322 2134 est
343 2104 502 2135 doetrinae
523 2104 560 2135 de
580 2105 869 2135 Praedestinatione
890 2106 923 2134 et
944 2104 1053 2134 Gratia
1073 2104 1193 2135 divina.
