1566 2482
2 1693 35 2231 ‹wamiam-rw*

8 2297 73 2482 Wssffi
9 2239 29 2292 ''ff-:2

411 187 565 221 comas·
583 176 781 218 srmcm
805 179 1020 219 ommonem
1209 181 1287 221 199
1338 232 1340 235 ι

144 297 227 338 Hoc
239 299 366 338 tamen
377 299 578 347 utcumque
592 299 650 338 est
661 297 870 337 tolerabile.
888 299 1005 346 Quid?
1019 300 1117 348 quod
1130 302 1168 340 et
1181 300 1286 350 ipsae

195 353 300 391 Dant
327 351 414 397 tibi,
450 353 584 403 Roma,
618 352 706 391 deos
738 351 878 390 inferni
910 353 1076 402 gurgitis
1111 355 1280 459 umlffirae.

196 458 445 498 Eumenidum
473 458 624 498 domina
651 458 780 507 Stygio
807 460 921 508 caput
946 460 1083 499 exserit
1110 463 1235 510 antro,

197 513 323 561 Rapta
349 513 399 551 ad
416 512 586 551 Tartarei
602 512 814 551 thalamum
833 514 1058 562 Proserpina
1077 514 1136 564 (1)
1156 515 1281 564 regis3

197 566 261 614 Et,
291 565 325 604 si
353 566 502 615 quando
530 577 618 605 suos
646 565 827 614 dignatur
855 567 959 605 adire
986 568 1168 616 Quirites,

199 619 376 659 Placatur
402 631 536 658 vaccae
565 619 702 658 sterilis
729 620 873 658 cervice>
896 623 1040 660 resecta
1070 622 1146 671 (2),

196 673 247 711 Et
263 684 420 722 regnare
436 673 548 712 simul
561 674 620 724 (3)
633 673 811 722 caeloque.
824 674 1016 723 Ereboque
1026 677 1195 723 putatur:
1209 676 1287 715 360

194 727 307 765 Nunc
332 727 442 776 bigas
469 727 614 765 frenare
641 727 770 774 boves,
800 738 901 766 nunc
930 740 1044 766 saeva
1071 730 1242 768 Sororum

196 779 364 829 Agmina
389 780 536 829 vipereo
563 780 708 828 superis
735 781 934 819 immittere
961 782 1096 830 flagro,

196 834 308 872 Nunc
335 833 448 872 etiam
476 834 643 872 volucres
669 845 887 882 caprearum
915 835 956 872 in
982 837 1091 884 terga
1118 835 1285 884 sagittas

195 887 390 936 Spargere,
410 888 538 935 terque
567 898 655 925 suas
683 888 811 926 eadem
830 888 976 926 variare
1005 889 1163 937 figuras.
1186 886 1282 941 [365

195 940 365 989 Denique
383 952 498 989 quum
516 941 624 979 Luna
642 942 715 987 est,
733 942 915 981 sublustri
932 942 1104 990 splendet
1118 942 1279 981 amictu:

195 994 315 1040 Quum
343 994 535 1033 succincta
562 994 654 1033 iacit
680 995 857 1041 calamos,
886 996 1048 1034 Latonia
1074 996 1181 1045 virgo
1207 998 1281 1043 est,

193 1048 314 1094 Quum
343 1048 503 1086 subnixa
531 1049 636 1087 sedet
663 1048 770 1095 solio,
803 1049 980 1087 Plutonia
1007 1049 1142 1088 coniux
1221 1059 1225 1062 ’

193 1100 390 1149 Imperitat
418 1101 556 1148 Furiis,
587 1103 624 1140 et
653 1101 770 1140 dictat
799 1103 880 1141 iura
907 1103 1118 1151 Megaerae.

202 1235 255 1276 (1)
279 1236 431 1276 Rapta...
455 1237 673 1276 Proserpina.
698 1237 787 1268 Hane
803 1237 925 1268 Cereris
939 1239 973 1268 et
986 1238 1069 1269 Iovis
1083 1238 1180 1268 filiam
1195 1237 1285 1270 Ditos

138 1286 178 1308 ex
201 1277 314 1308 inferis
341 1287 504 1316 erumpens
531 1279 650 1317 rapuit.
676 1279 714 1309 V.
738 1279 773 1310 C.
797 1279 976 1310 Cunnum
1004 1281 1043 1310 de
1070 1284 1176 1319 raptu
1197 1281 1280 1311 Pro-

136 1321 288 1359 serpinae
309 1319 412 1350 libros
435 1323 502 1351 tres
524 1321 687 1351 recensuit
711 1324 741 1350 et
756 1322 862 1351 variis
874 1321 1067 1352 lectionibus
1078 1323 1176 1353 ateoeit
1192 1323 1281 1353 Vmc.

137 1361 385 1392 Lanrmucmvs
406 1371 448 1392 ex
466 1362 564 1393 Sales
588 1363 710 1393 officina
732 1371 784 1394 an.
807 1370 1044 1396 nncccrxxxw.

203 1414 250 1454 (2)
272 1415 435 1445 Placatur
452 1425 566 1446 vaccae
590 1416 717 1446 sterilis
733 1417 851 1447 cervice
878 1420 1011 1448 resecta.
1029 1417 1095 1448 cfr.
1112 1418 1205 1450 Vinci.
1221 1419 1282 1448 Ae·

138 1455 224 1487 noia.
247 1456 301 1493 VI,
323 1457 398 1487 251.
1159 1477 1161 1479 ·
1208 1494 1210 1496 v

201 1509 253 1550 (3)
275 1510 320 1540 Et
340 1520 478 1549 regnare
500 1512 656 1544 simul....
680 1512 866 1550 Proserpina
886 1512 994 1543 eadem
1016 1514 1110 1550 atque
1131 1513 1278 1545 Hecates.

136 1551 300 1582 'triformis
322 1554 426 1582 autem
449 1553 632 1588 vocabatur,
659 1555 752 1590 atque
781 1554 956 1591 tergemina
988 1562 1007 1584 a
1035 1555 1149 1592 poetis,
1172 1557 1282 1593 utpote

137 1601 218 1631 quae
232 1593 266 1623 in
281 1593 366 1624 caelo
391 1595 475 1625 Luna
489 1594 713 1632 appellabatur,
730 1596 762 1625 in
779 1596 872 1625 terris
887 1595 988 1626 Diana
1003 1599 1037 1625 et
1051 1596 1182 1633 Lucina,
1198 1596 1282 1635 apud

136 1634 252 1666 inferos
272 1635 471 1674 Proserpina.
495 1637 669 1667 Maximam
701 1637 730 1667 ei
763 1637 827 1667 vim
855 1637 958 1667 inesse
988 1638 1160 1675 putabant:
1185 1646 1282 1676 quare

136 1676 312 1713 Vmomvs,
334 1678 470 1707 Aeneia.
494 1677 547 1711 VI.
564 1678 639 1715 247,
662 1678 853 1709 sacerdotem
875 1678 955 1709 dicit
969 1679 1052 1709 inter
1073 1687 1164 1710 sacra
1185 1688 1280 1718 quum

134 1721 237 1749 saetas
258 1719 458 1750 iuvencorum
480 1719 604 1756 ignibus
618 1720 830 1759 imposuisset,
849 1728 923 1751 voce
939 1729 1064 1751 vocasse
1086 1731 1104 1749 «
1126 1720 1280 1757 Hecaten,

135 1760 281 1798 caeloque
302 1760 462 1798 Ereboque
483 1762 654 1799 potentem.
680 1773 698 1790 »
720 1762 795 1793 Cum
816 1762 899 1793 Iside
914 1762 1043 1793 eandem
1060 1771 1153 1792 unam
1168 1763 1280 1799 secere,

135 1801 185 1832 uti
207 1803 338 1840 apparet
358 1811 450 1841 penes
473 1803 641 1834 Gruterum
664 1804 697 1833 in
719 1804 926 1842 inscriptione
948 1805 985 1835 de
1007 1805 1140 1834 Nummo
1163 1805 1280 1835 Panteo

134 1841 303 1874 Hadriani.
328 1843 413 1875 Haec
433 1845 479 1876 sic
502 1853 535 1876 se
557 1845 669 1876 habet:

640 1929 678 1952 *ra
701 1930 768 1953 ‘run

619 1972 684 1994 vna
709 1972 789 2000 qvas

628 2014 661 2036 rs
683 2014 783 2036 omma

590 2055 662 2077 nra
688 2070 695 2078 .
720 2056 817 2079 1s1s.

603 2095 717 2119 anmvs
739 2097 820 2119 nara

606 2138 696 2161 amvs
719 2139 749 2162 v.
776 2141 801 2162 e.
