1566 2482
621 194 844 224 Arornnoffls
1249 183 1300 222 35

154 313 289 351 Fronte
319 310 469 351 Crucis:
500 309 635 350 titulus
663 309 714 348 sit
739 309 886 358 triplice
912 309 1049 358 lingua
1069 309 1130 359 (1)

154 366 349 415 Agnoscat
375 364 520 403 Iudaea
545 364 691 412 legens,
721 364 759 402 et
786 362 942 403 Graecia
969 363 1084 412 norit,

155 422 204 459 Et
230 420 406 458 venerata
434 419 554 457 Deum
580 419 795 466 percenseat
822 429 934 456 aurea
962 418 1094 457 Roma.
1222 417 1301 456 385

143 473 342 521 {Quidquid
359 473 399 510 in
419 484 501 510 aere
520 483 611 510 cavo
632 471 691 521 (2)
707 472 864 510 reboans
883 472 975 510 tuba
990 483 1105 510 curva
1121 471 1300 520 remugit,

147 526 343 575 iQuidquid
370 527 418 564 ab
445 536 580 564 arcano
606 525 723 564 vomit
749 525 884 574 ingens
911 525 1066 573 spiritus
1094 526 1246 573 haustu,

147 577 341 629 {Quidquid
369 580 476 618 casta
502 579 644 628 chelys,
675 579 856 627 quidquid
882 579 1035 617 testudo
1055 579 1228 626 resultat,

148 631 310 683 {Organa
337 633 550 681 disparibus
577 633 733 672 calamis
761 633 859 681 quod
886 644 1049 671 consona
1075 632 1247 679 miscent,

149 684 316 730 ‘Aemula
342 683 659 736 pastorum‘quod
685 687 846 725 reddunt
873 687 1024 725 vocibus
1052 687 1184 733 antra,
1227 687 1304 726 390

151 738 346 793 §Christum
364 741 609 788 concelebrat,
627 741 815 779 Christum
835 741 959 788 sonat,
977 740 1102 778 omnia
1117 740 1306 779 Christum

152 797 265 845 {Muta
293 795 405 833 etiam
433 794 570 833 fidibus
598 794 740 833 sanctis
769 794 936 832 animata
963 794 1181 842 loquuntur.

155 850 190 888 ¹O
220 860 354 887 nomen
380 847 576 896 praedulce
603 848 718 886 mihi!
749 848 828 895 lux,
859 848 896 886 et
923 848 1048 894 decus,
1079 849 1118 886 et
1145 859 1243 896 spes,
1304 886 1309 892 ,

154 902 461 950 {Praesidiumque
489 904 633 940 meum!
668 902 726 950 (3)
765 901 908 949 requies
937 913 957 939 0
985 902 1084 940 00113
1110 901 1303 939 laborum!

155 954 329 1003 {Blandus
345 955 385 993 in
400 966 460 994 ore
475 947 784 1003 saporsflagrans
799 955 900 1002 odor,
917 954 1091 1003 inriguus
1105 955 1205 1001 fons,
1228 955 1305 993 395

156 1006 293 1051 'Castus
321 1020 438 1056 amor,
467 1008 624 1056 pulchra
652 1009 807 1056 species,
839 1008 984 1046 sincera
1013 1008 1202 1056 voluptas.

159 1063 198 1101 Si
225 1074 318 1111 gens
347 1062 461 1101 surda
488 1063 603 1111 negat
631 1062 703 1101 sibi
729 1063 786 1101 tot
812 1061 1010 1110 praeconia
1038 1062 1081 1100 de
1108 1063 1160 1109 te,

159 1118 252 1154 Tam
278 1117 416 1155 multas
443 1128 566 1155 rerum
592 1127 715 1164 voces,
745 1116 999 1165 elementaque
1025 1116 1154 1154 tantae

160 1169 307 1208 Nuntia
333 1170 513 1217 laetitiae,
545 1170 701 1209 stolidas
728 1170 868 1208 intrare
895 1182 960 1219 per
988 1181 1116 1216 aures3

161 1223 304 1262 Audiat
321 1223 497 1262 insanum
513 1224 572 1273 (4)
590 1224 811 1263 bacchantis
830 1223 1020 1272 energima
1038 1223 1211 1270 monstri,
1229 1224 1307 1263 400

161 1278 265 1325 Quod
291 1277 444 1316 rabidus
470 1278 609 1316 clamat
635 1279 746 1327 capta
773 1278 870 1316 inter
897 1278 1040 1317 viscera
1067 1278 1238 1324 daemon,

205 1459 254 1502 (1)
278 1461 398 1491 titulus
419 1460 465 1491 sit
485 1460 617 1500 triplice
642 1457 768 1499 linqua.
802 1462 846 1492 De
868 1461 1072 1500 inscriptione
1095 1463 1178 1493 cruci
1199 1471 1307 1501 propo·

163 1504 228 1533 sita
236 1503 293 1535 ,hic
307 1503 357 1534 est
371 1511 481 1534 sermo,
495 1502 573 1533 Vide
595 1503 639 1533 sis
661 1501 832 1534 Simiam
847 1503 1003 1534 Rumam
1014 1503 1108 1535 Thes.
1124 1505 1230 1535 Theol.
1246 1504 1308 1535 Pil.

163 1545 315 1584 Antuerp.
338 1545 372 1575 et
393 1545 532 1575 Utraieti
554 1553 605 1576 an.
630 1544 728 1580 1701:
753 1545 786 1576 et
807 1546 955 1576 Bnunvu
970 1545 1050 1583 apud
1059 1546 1147 1578 Gren.
1165 1547 1257 1579 Fase.
1275 1546 1306 1577 3.

1340 961 1500 990 drenge-evm>
1523 966 1527 969 ⁷

207 1585 255 1626 (2)
278 1586 442 1625 quidquid
463 1587 500 1615 in
531 1595 610 1617 aere·
631 1595 708 1617 cavo
730 1587 791 1619 etc.
815 1586 874 1625 Qui
903 1587 1018 1624 negant
1047 1587 1153 1619 decere
1182 1589 1308 1619 omnino
1373 1580 1375 1582 ¹

167 1627 363 1658 Christianos
384 1628 432 1658 uti
448 1627 565 1658 musico
579 1628 719 1665 quolibet
733 1629 941 1659 instrumento
956 1629 996 1658 ad
1011 1637 1097 1659 sacra
1113 1630 1308 1667 celebranda,

166 1669 241 1700 haec
263 1669 386 1700 iuvabit
402 1669 549 1706 relegere,
563 1671 596 1700 et
610 1669 702 1707 (33111,
718 1672 831 1703 Boxum
853 1670 1049 1708 subalpinum
1067 1672 1206 1703 nostruin
1221 1672 1309 1703 adire

169 1723 185 1739 «
201 1711 246 1742 De
261 1711 375 1742 Divina
396 1711 579 1741 Psalmodia.
604 1721 623 1739 »
646 1711 719 1751 Cap.
743 1712 812 1744 VII.
1306 1746 1309 1749 ,

206 1753 252 1791 (3)
274 1753 349 1793 Quis
372 1754 405 1783 in
427 1752 548 1784 Christi
570 1754 693 1784 nomine
720 1754 901 1786 celebrando
932 1762 993 1784 non
1022 1754 1109 1785 videt
1131 1755 1204 1794 apte
1232 1756 1309 1786 Pru·

165 1794 537 1834 dentiumbfloratianam
566 1795 747 1833 lenitatem,
778 1796 863 1826 aliud
885 1795 983 1827 veluti
1005 1797 1134 1834 agendo,
1169 1796 1310 1828 referre?

166 1837 197 1868 S.
216 1837 406 1867 BnnNAans
429 1837 572 1874 equidem
590 1839 728 1868 nostrum
751 1837 884 1869 feliciter
905 1838 954 1868 est
976 1837 1134 1875 imitatus,
1151 1839 1223 1869 dum
1245 1848 1307 1878 om-

166 1878 252 1909 nium
282 1878 494 1909 dulcissimum
524 1878 655 1910 Cnmsrl
688 1889 798 1911 nomen
831 1880 975 1911 laudibus
1007 1880 1071 1910 suis
1104 1882 1244 1912 exornat.
1271 1882 1307 1912 V⁴

170 1920 269 1950 serm.
293 1920 351 1950 XV
373 1921 410 1950 in
433 1920 583 1951 Cantica.

210 1961 256 2000 (4)
278 1962 457 1999 insanum,
492 1962 632 1993 absolute
660 1972 715 2002 pro
744 1964 868 1996 adverb.
899 1965 1028 1994 insane.
1062 1979 1106 1987 —·
1141 1965 1310 2003 enerys'ma

170 2004 321 2036 monstri.
347 2004 409 2034 Est
427 2001 600 2051 ἐνέργημα
622 2005 753 2036 effectus
776 2015 814 2037 ex
834 2007 866 2037 vi
882 2006 1026 2045 quapiam
1042 2006 1076 2037 01
1089 2007 1227 2037 efficacia
1242 2016 1309 2045 pro-

168 2051 269 2083 diens.
292 2051 452 2090 Usurpant
470 2053 641 2091 scriptores
663 2052 866 2083 ecclesiastici
889 2053 969 2083 113110
985 2061 1089 2084 vocem
1104 2054 1143 2083 ad.
1159 2054 1308 2084 denotan-

169 2093 240 2125 dam
262 2093 444 2124 daemonum
466 2094 677 2130 vexationem:
703 2103 762 2132 quo
788 2094 873 2126 facto
889 2095 1090 2127 daemoniaca
1111 2096 1144 2130 vi
1172 2096 1309 2139 correpti

169 2135 316 2166 mortales
339 2134 567 2185 ἐνεργούμενα
588 2136 746 2170 dicuntur.
860 2136 862 2138 ’
