1566 2482
627 158 920 201 n'fflffl'rienmi
1302 164 1352 203 85

200 281 300 320 Ense
309 281 395 320 ferIt
405 281 592 320 dominum
601 312 610 328 ‚
622 293 772 330 pugnae
782 282 992 331 nodumque
999 313 1008 330 ‚
1021 293 1232 332 moramque
1256 284 1334 334 (1),

199 335 279 381 Quo
304 337 482 384 pereunte
507 336 637 374 trahat
662 335 830 384 captivos
856 335 975 375 victor
1001 337 1179 384 amictus,

198 389 280 426 Iam
310 400 387 428 non
415 389 584 429 obstanti
608 389 775 437 locuples
802 390 847 428 de
875 400 1024 438 corpore
1051 391 1204 439 praedo.

198 441 260 481 Sic
287 442 430 482 homini
456 443 624 482 subiecta
651 443 797 491 domus,
828 443 1036 483 ditissimus
1065 445 1166 483 orbis

199 496 348 535 Scilicet
374 497 416 536 in
442 496 592 536 facilem
621 497 771 536 domino
797 498 975 545 peccante
1004 498 1153 537 ruinam
1272 499 1350 538 215

198 549 362 598 Lapsus,
391 551 506 589 herile
534 551 675 590 malum
703 551 779 589 iam
805 553 898 590 tunc
923 551 1107 591 vitiabilis
1134 553 1278 591 hausit.

198 603 303 642 Tunc
330 604 461 643 lolium
487 605 693 653 lappasque
719 604 832 643 leves'
851 604 911 655 (2)
931 617 998 654 per
1025 606 1196 645 adultera
1223 607 1326 646 culta

201 658 310 696 Ferre
338 658 529 707 malignus
555 669 645 708 ager
672 658 793 707 glebis
820 659 918 697 male
943 659 1148 709 pinguibus
1183 672 1312 709 ausus,

197 711 397 764 Triticeam
423 712 554 751 vacuis
581 713 746 761 segetem
772 712 930 751 violavit
956 713 1099 754 avenis.

198 765 303 804 Tunc
329 766 445 804 etiam
471 766 631 805 innocuo
657 765 860 805 vitulorum
887 767 1073 815 sanguine
1100 768 1220 816 pasci,
1274 769 1352 807 220

197 819 353 868 Iamque
381 819 470 868 iugo
497 820 677 859 edomitos
704 819 800 858 rictu
827 820 971 859 laniare
997 820 1189 869 iuvencos,
1303 820 1306 823 ’

199 873 343 912 Occiso·
356 875 520 923 pastore,
549 875 672 913 truces
700 873 860 912 didicere
886 874 1027 913 leones.

198 926 278 965 Nec
305 938 382 966 non
408 927 446 965 et
472 928 637 976 querulis
652 927 854 969 ¹balatibus
882 927 1054 967 irritatus
1083 929 1143 978 (3)

198 980 339 1020 Plenas
365 982 472 1020 nocte
500 981 612 1030 lupus
639 981 786 1020 studuit
811 993 1044 1030 perrumpere
1076 983 1220 1021 caulas.

199 1035 317 1074 Omne
344 1034 486 1074 animal
513 1035 587 1073 diri
612 1035 755 1074 callens
783 1035 950 1074 sollertia
976 1035 1068 1074 furti
1270 1038 1347 1075 225

196 1089 340 1135 Inbuit‚
368 1091 406 1128 et
432 1090 552 1128 tortos
580 1089 684 1128 acuit
710 1089 864 1128 fallacia
893 1101 1043 1129 sensus.

197 1143 376 1189 Quamvis
403 1142 582 1181 maceries
611 1142 672 1194 (4)
702 1143 875 1182 florentes
900 1143 1044 1182 ambiat
1070 1144 1213 1192 hortos,

198 1196 379 1244 Saepibus
407 1198 445 1235 et
471 1196 599 1235 densis
624 1194 812 1247 vallentur
839 1197 940 1236 vitea
966 1209 1078 1243 rura3
1379 1220 1382 1223 ·

196 1251 276 1289 Aut
302 1250 498 1299 populator
525 1250 687 1300 edet'(5)
703 1251 935 1300 gemmantia
951 1252 1123 1301 germina
1141 1252 1320 1301 bruchus,

244 1397 308 1438 >(1)
325 1407 460 1438 pumma
482 1398 677 1439 nodumque,
703 1409 901 1439 moramque.
926 1399 1134 1437 Virgilianum
1167 1400 1348 1433 hemistich.

198 1448 238 1470 ex
257 1442 341 1472 Aen.
363 1440 407 1477 Χ,
430 1441 502 1471 428.
524 1441 646 1472 Νοᾱιιιιι
671 1450 747 1472 xero
767 1451 823 1481 pro
852 1451 887 1473 eo
916 1443 997 1480 quo-,l
1024 1443 1074 1472 est
1094 1451 1214 1473 remora
1236 1445 1269 1474 et
1291 1445 1348 1473 im-

196 1481 426 1520 pedimentum,
458 1483 617 1514 interdum
645 1492 835 1523 usurpavero
865 1484 1012 1516 Romani.
1036 1484 1087 1515 Sic
1114 1484 1238 1515 Fronvs
1258 1485 1347 1525 Epit.

197 1523 278 1555 Ber.
300 1524 487 1556 Romanar.
512 1525 549 1556 L.
572 1525 627 1562 IV,
651 1535 679 1556 c.
703 1525 742 1556 9:
766 1536 784 1555 κ
810 1525 919 1563 Quum
947 1526 1104 1565 scopulus
1118 1529 1150 1556 et
1178 1527 1289 1558 nodus
1319 1531 1349 1557 et

197 1574 291 1596 mora
307 1566 461 1605 publtoae
480 1567 672 1598 securitatis
692 1570 879 1606 superasset
901 1569 1115 1599 Antonius...
1139 1578 1158 1595 »

261 1607 307 1646 (2)
333 1607 427 1637 Tunc
448 1607 566 1638 lolium
587 1610 649 1639 etc.
673 1609 718 1639 De
742 1617 846 1640 rerum
879 1610 1018 1640 omnium
1050 1609 1167 1640 natura
1199 1610 1232 1639 in
1260 1610 1349 1648 peius

194 1649 284 1687 lapsa
299 1651 371 1688 post
384 1657 482 1679 aurea
497 1649 622 1680 saecula
642 1651 724 1681 satis
746 1650 846 1681 multa
867 1652 1050 1682 cecinerunt
1064 1651 1157 1683 Vnm.
1184 1651 1302 1691 Geory.
1321 1653 1346 1688 1,

199 1691 260 1721 125
281 1691 316 1721 et
329 1698 430 1728 seqq.:
455 1691 549 1723 Ovm.
572 1693 707 1722 Metam.
730 1693 757 1723 Ι.
783 1693 843 1722 115
865 1694 898 1723 et
918 1701 1018 1731 seqq„
1044 1692 1175 1729 aliique.

260 1732 307 1771 (3)
330 1732 395 1763 Neo
416 1742 481 1763 non
503 1734 567 1765 etc.
589 1742 670 1765 vers.
680 1734 804 1773 spond.

259 1774 309 1813 (4)
332 1774 490 1805 Macen-ies
511 1783 567 1814 pro
589 1777 754 1815 macer-Fen
774 1777 808 1807 et
822 1777 872 1806 est
886 1785 991 1807 murus
1006 1776 1071 1806 sub
1091 1776 1147 1806 diu
1171 1776 1294 1815 positus
1309 1777 1346 1808 ad

195 1815 498 1855 circumsaepiendos
521 1817 640 1856 hortos,
663 1818 767 1855 villas,
789 1818 959 1856 silvasque,
983 1827 1044 1849 non
1067 1818 1164 1855 calce,
1188 1818 1243 1849 sed
1263 1819 1348 1850 sicco

195 1857 300 1896 lapide
321 1859 532 1891 consu-‚uetus

204 1919 206 1921 v
261 1898 308 1938 (5)
331 1901 592 1939 Ampopulator
605 1902 684 1934 edet.
700 1901 818 1938 Grssst„
835 1902 867 1932 in
885 1902 1043 1940 margine;
1059 1902 1162 1932 sedin
1177 1901 1346 1933 contextu:

197 1951 216 1969 «
239 1944 299 1971 ant
314 1943 479 1981 populata
500 1943 592 1974 rodet
613 1955 644 1974 ».
666 1944 727 1974 Hic
750 1953 821 1974 vero
835 1946 1018 1983 praeceptor
1033 1944 1165 1974 callidus
1180 1943 1348 1982 discipulos

195 1991 268 2013 suos
289 1983 538 2015 animadvertere
565 1986 699 2023 iubebit,
728 1986 776 2017 vel
798 1986 856 2016 hac
876 1987 984 2016 nostra
1009 1994 1044 2016 ue
1046 1986 1125 2023 -ate,
1141 1986 1180 2016 ob
1201 1985 1279 2016 coeli
1301 1986 1346 2016 in-

196 2024 400 2056 clementiam
422 2027 455 2056 et
476 2026 658 2058 immodicas
679 2028 754 2058 anni
783 2028 998 2066 tempestates,
1028 2028 1062 2057 in
1089 2028 1175 2065 agris
1203 2030 1259 2058 nos
1279 2036 1346 2059 sao·

196 2074 360 2105 penumero
381 2067 488 2098 videre
509 2069 632 2106 brucos,
655 2069 857 2106 involvuffis,
879 2070 913 2100 et
933 2069 1083 2100 bestiolis
1103 2069 1204 2100 oculis
1225 2069 1339 2109 imper-

198 2108 372 2146 vias‚q11as
410 2108 590 2157 μικρὸβιας
612 2112 797 2148 vocitamus,
814 2120 951 2148 quaeque
968 2111 1029 2142 cult
1035 2119 1054 2142 a
1075 2111 1184 2142 nostra
1213 2111 1347 2151 depopu
