1566 2482
715 44 818 62 ,,“,·
875 52 877 57 2
946 44 1076 61 ⁹..1‚‚
1136 48 1222 57 .-.»

708 61 717 70 ¹
800 61 838 79 5⁴
866 67 905 82 ,¹⁴⁷
1004 76 1011 80 .
1038 60 1049 69 ¹·
1066 65 1090 82 je
1115 59 1165 89 '³⁵¹2
1187 73 1218 82 .=V
1239 67 1266 82 sy
1283 60 1363 85 ‚⁷¹23

287 167 369 208 286
663 179 816 208 Avitum
842 157 1045 208 Pavonum

613 323 750 362 XXXI.
781 321 919 361 Pinna
949 322 1104 372 Templi

288 405 446 445 Excidio
473 405 605 453 templi
631 405 766 444 veteris
795 406 872 444 stat
898 405 1018 454 pinna
1045 407 1258 455 superstes:

345 460 515 498 Structus
532 458 632 497 enim
647 458 772 508 lapide
783 471 826 498 ex
841 459 906 498 illo
914 460 1043 499 manet
1052 459 1216 508 angulus
1228 459 1304 510 (1),
1316 471 1434 510 usque

344 513 394 551 In
422 512 586 551 saeclum
613 512 743 560 saecli,
773 524 881 561 quem
909 514 1082 561 sprerunt
1100 513 1340 552 aedificantes
1351 513 1429 563 (2);
1455 511 1459 515 ⁷
1556 525 1566 544 ⁴

345 566 458 605 Nunc
475 567 589 615 caput
602 567 659 604 est
672 566 817 614 templi,
834 569 870 604 et
883 566 1051 614 lapidum
1068 577 1248 615 compago
1263 567 1433 606 duorum.

578 672 739 712 XXXII.
768 671 837 710 Ex
869 683 975 720 aqua
1011 672 1149 712 vinum
1164 671 1203 723 *)

290 750 457 789 Foedera
483 748 649 797 coniugii
675 748 913 787 celebrabant
939 749 1089 797 auspice
1117 757 1223 788 coetu

346 803 454 842 Forte
483 802 655 842 Galilaei.
684 803 769 840 Iam
798 803 951 840 deerant
978 803 1068 840 vina
1096 801 1303 843 ministris:

349 856 520 895 Christus
547 859 641 894 vasa
668 855 770 894 iubet
795 857 1036 904 properanter
1064 855 1218 905 aquaria
1245 854 1410 904 lymphis

347 909 525 958 Impleri:
556 909 644 948 inde
672 909 763 948 meri
791 909 928 948 veteris
957 909 1172 948 defunditur
1201 907 1259 959 (3)
1287 909 1404 949 unda.

602 1010 784 1049 XXXIII.
815 1009 982 1048 Piscina
1015 1008 1130 1048 Siloa

235 1126 238 1130 ,
291 1088 510 1126 Morborum
536 1086 723 1125 medicina
749 1087 866 1133 latex,
896 1098 1006 1134 quem
1033 1086 1189 1134 spiritus
1216 1085 1318 1125 horis
1338 1085 1396 1136 (4)

349 1141 507 1180 Eructat
532 1139 672 1179 variis:
703 1139 827 1178 fusum
855 1140 999 1178 ratione
1027 1139 1178 1186 latenti,

347 1194 485 1232 Siloam
516 1192 704 1231 vocitant:
736 1192 857 1241 sputis
884 1192 949 1231 ubi
977 1193 1118 1231 conlita
1145 1191 1243 1230 coeci

348 1247 510 1287 Lumina
538 1245 708 1285 Salvator
735 1245 846 1284 iussit
874 1246 917 1284 de
950 1245 1053 1284 fonte
1087 1245 1222 1284 lavari.

589 1345 765 1385 XXXIV.
798 1344 940 1384 Passio
973 1344 1145 1384 Ioannis

292 1423 469 1462 Praemia
497 1422 671 1461 saltatrix
697 1422 818 1471 poscit
852 1421 910 1473 (5)
940 1421 1112 1460 funebria
1141 1421 1247 1470 virgo

351 1476 508 1516 Ioannis
535 1477 662 1525 caput,
694 1475 882 1515 abscisum
910 1476 1007 1524 quod
1034 1475 1141 1514 lance
1169 1475 1331 1523 reportet

363 1553 408 1591 (1)
432 1561 473 1582 ex
493 1552 553 1582 illo
574 1554 683 1582 manet
706 1552 865 1590 anyulus.
889 1552 959 1581 Dux
981 1553 1015 1581 et
1036 1551 1132 1589 caput
1153 1550 1204 1581 est
1227 1549 1371 1582 Christus
1385 1549 1446 1581 Ec-

291 1594 425 1631 clesiae,
446 1602 524 1630 quae
545 1602 584 1624 ex
604 1594 721 1624 duobus
742 1593 863 1632 populis
885 1594 934 1623 est
955 1593 1100 1626 conflata.

334 1676 336 1678 ,
362 1641 407 1681 (2)
422 1642 591 1679 sprerunt.
608 1649 695 1679 sync.
710 1650 763 1679 pro
776 1643 968 1679 spreverunt,
982 1648 1061 1678 quae
1074 1639 1198 1670 insueta
1209 1639 1259 1670 est
1271 1630 1442 1679 συγκοπὴ.

363 1688 388 1726 ”)
412 1681 517 1719 ΧῖἶιῙ
527 1689 655 1718 Lemma
670 1687 752 1726 apud
768 1687 871 1718 G1sm..
885 1689 949 1718 este
964 1697 982 1716 «
998 1687 1263 1725 Wmamexaqua
1269 1687 1396 1724 factum
1406 1695 1438 1716 ».

362 1729 408 1768 (3)
433 1730 640 1769 defunditur.
663 1730 716 1760 Ita
737 1729 839 1760 (ἔπεα.
862 1729 915 1759 sed
939 1729 998 1759 duo
1021 1728 1143 1758 Vaticc.
1167 1728 1375 1765 difunditur.

365 1771 410 1811 (4)
434 1773 535 1808 latex,
556 1781 650 1810 quem
670 1771 815 1810 spiritus
847 1771 927 1802 oris.
952 1770 989 1802 V.
1013 1767 1145 1804 ’An-od.
1167 1769 1240 1801 680.
1263 1768 1300 1799 In
1322 1776 1382 1799 uno
1403 1775 1443 1799 ex

303 1819 424 1850 Vaticc.
449 1827 510 1849 non
534 1819 622 1849 latex
638 1818 693 1848 sed
715 1818 812 1848 latet:
828 1818 861 1847 et
875 1817 933 1854 ibi,
949 1825 1004 1855 pro
1019 1825 1054 1847 eo
1065 1817 1145 1854 quod
1156 1816 1216 1852 est,
1229 1824 1321 1855 quem
1339 1814 1444 1846 aliena

298 1869 395 1890 manu
414 1861 566 1898 scriptum
587 1860 708 1897 legitur
727 1868 825 1899 quam
835 1869 850 1898 ,0
864 1860 898 1889 et
918 1867 979 1889 non
999 1859 1062 1889 iam
1086 1859 1201 1896 fusum
1225 1858 1352 1888 ratione
1373 1857 1440 1891 etc.

299 1901 354 1932 sed
374 1902 485 1938 fusam
507 1902 681 1939 correptum
698 1902 837 1939 adparet.
853 1900 994 1931 Iammro
1008 1900 1083 1930 haec
1098 1900 1179 1930 mira
1194 1907 1292 1937 aquae
1307 1898 1450 1937 eruptio,

297 1951 378 1980 quae
392 1945 466 1974 aute
486 1943 606 1974 Christi
621 1943 764 1981 tempora
778 1942 1038 1980 conspiciebatur,
1054 1943 1123 1980 post
1137 1942 1204 1972 eius
1220 1941 1350 1971 mortem
1365 1947 1438 1970 exa-

302 1985 379 2020 ruit,
409 1985 434 2014 si
470 1984 626 2015 credimus
655 1985 872 2015 Taarvrumo
916 1984 992 2015 Vide
1020 1984 1086 2014 eius
1112 1983 1239 2014 Librum
1261 1983 1368 2013 contra
1391 1980 1455 2012 Iu·-

304 2031 395 2061 daeos
406 2025 496 2064 c.11I.

367 2072 412 2111 (5)
434 2073 611 2105 Saltatrioe.
637 2073 757 2104 salome
792 2073 1014 2104 venustissima
1035 2073 1098 2104 fllia
1114 2071 1309 2108 Herodiadis.
1333 2069 1454 2102 uxoris·>

301 2114 436 2144 Herodis
456 2114 587 2154 Philippi
603 2115 735 2146 Iudaeae
751 2115 940 2152 tetrarchae,
959 2123 1121 2146 numerosa
1140 2114 1269 2146 brachia
1289 2113 1442 2153 pedesque
