1566 2482
426 159 467 188 m
493 159 584 188 rsrc
589 139 817 187 nomem
843 157 1051 186 ramum
1231 145 1308 185 123

162 268 277 307 Pellit
301 267 469 318 fugatos,
500 268 689 307 sauciatos
716 266 887 315 proterit,

162 321 322 370 Frangit
348 325 518 369 catenas,
549 323 586 359 et
612 321 784 369 rapinam
811 320 970 359 liberat:

163 378 320 423 Aurum,
348 374 506 424 puellas,
535 375 727 424 parvulos,
758 374 927 421 monilia,
1258 375 1310 412 30

162 430 303 478 Greges
329 440 523 477 equarum,
552 440 660 476 vasa,
690 429 831 467 vestem
861 426 940 479 (1),
970 427 1141 474 buculas,

163 483 261 521 Loth
287 482 367 530 ipse
394 483 517 531 ruptis
544 482 736 530 expeditus
763 482 922 520 nexibus

162 536 307 575 Attrita
333 536 441 575 bacis
469 537 527 586 (2)
556 536 654 575 colla
679 536 773 574 liber
790 535 916 585 erigit.

164 590 307 629 Abram
333 590 515 638 triumphi
542 589 744 638 dissipator
770 589 905 628 hostici

163 643 290 689 Redit,
319 645 467 692 recepta
494 643 595 692 prole
622 643 753 682 fratris
782 643 843 693 (3)
872 643 1041 690 inclitus,
1258 642 1308 680 35

163 698 223 735 Ne
250 709 363 746 qnam
390 697 511 736 fidelis
538 697 737 746 sanguinis
764 698 978 746 prosapiam

164 751 234 790 Vis
260 751 503 800 pessimorum
529 751 735 799 possideret
760 751 987 800 principum.

164 804 300 844 Adhuc
327 807 511 844 recentem
539 805 649 844 caede
678 805 722 843 de
748 805 860 843 tanta
886 805 1009 844 virum

169 859 292 897 Donat
317 859 494 898 Sacerdos
521 858 673 897 ferculis
699 858 935 898 caelestibus.
1139 886 1142 890 -

167 912 238 950 Dei
264 913 443 952 Sacerdos
473 912 548 963 (4).
578 924 643 951 rex
669 913 706 951 et
732 912 831 950 idem
856 913 1093 961 praepotens,
1259 911 1311 949 40

170 965 284 1014 Origo
311 966 417 1005 cuius
447 966 507 1016 (5)
537 966 639 1004 fonte
667 966 912 1005 inenarrabili

165 1020 327 1067 Secreta,
358 1019 506 1058 nullum
533 1020 657 1068 prodit
684 1021 870 1059 auctorem
899 1020 972 1059 sui.

166 1073 453 1122 Melchisedech,
485 1085 559 1123 qua
587 1074 718 1122 stirpe,
750 1074 833 1122 quis
862 1073 1081 1120 maioribus,

233 1253 284 1294 (l)
308 1257 436 1285 vestem.
449 1255 614 1294 Perperam
631 1258 730 1286 vestes
735 1266 750 1294 ;
762 1264 833 1286 nam
850 1267 867 1284 α
885 1255 993 1291 vestis,
1009 1255 1178 1293 suppellex,
1195 1255 1313 1284 instru-

168 1298 319 1332 mentum,
342 1297 465 1334 aliaque
490 1297 635 1327 nonnulla
657 1298 758 1327 rarius
786 1298 912 1327 omnino
942 1298 1131 1335 usurpantur
1152 1297 1185 1326 in
1207 1296 1313 1326 multi·
1367 1299 1369 1301 '

170 1338 288 1367 tudinis
302 1347 439 1370 numero.
458 1350 475 1367 »
499 1339 535 1370 V.
553 1339 613 1369 ΤΗ.
629 1339 803 1370 ΥΛιιΑνΒιι
827 1340 953 1378 Sulpic.
978 1339 1086 1370 Sever.
1109 1339 1201 1369 Hist.
1218 1339 1311 1368 Sacr.

170 1380 196 1414 l,
218 1389 250 1417 p.
276 1379 329 1416 34,
358 1381 464 1411 adnot.
488 1397 532 1403 —
552 1381 702 1412 buculas.
729 1381 870 1413 Grsnrm.
897 1382 947 1411 cui
978 1381 1128 1411 adhaeret
1155 1380 1312 1411 Tlieolius.

170 1421 336 1453 Nonnulli:
362 1422 512 1454 baculus.

170 1514 196 1549 Σ
233 1469 276 1505 (2)
300 1471 425 1501 Attrita
448 1470 536 1501 bacis
556 1471 651 1501 oolla.
683 1471 746 1501 Alii
782 1471 887 1501 baccis
915 1471 1076 1508 geminata
1101 1471 1142 1502 ci.
1167 1470 1204 1500 V.
1228 1468 1315 1516 Περὶ

199 1527 270 1561 τεῳ.
293 1522 320 1556 1,
344 1521 396 1550 46.

234 1569 279 1607 (3)
298 1568 392 1607 prole
415 1568 556 1605 fratr-1⁶8:
591 1568 732 1605 intellige
765 1567 911 1603 Lothum,
936 1567 989 1604 qui
1012 1567 1095 1596 filius
1116 1566 1180 1596 fuit
1215 1566 1313 1602 Aran,

171 1611 283 1641 fratris
304 1609 490 1642 Abrahami,

232 1656 280 1697 (4)
297 1658 359 1688 Dei
370 1657 535 1687 Sacerdos.
551 1656 900 1693 Melchisedech‚Arani
915 1656 1008 1692 filius,
1033 1656 1085 1692 qui
1109 1655 1243 1686 Cumsrr
1264 1663 1315 1686 ve·

169 1700 232 1730 luti
245 1701 346 1737 figura
366 1698 440 1730 fuit.
456 1699 595 1736 Uterque
611 1699 695 1729 enim
716 1707 818 1736 regem
838 1698 996 1734 iustitiae,
1010 1698 1159 1736 pacisque
1174 1697 1315 1737 indicat;

173 1744 304 1779 uterque
323 1742 456 1771 stemma
478 1749 538 1771 non
561 1741 721 1779 possidet;
746 1742 779 1771 et
793 1740 939 1772 Christus
953 1741 1076 1778 patrem
1090 1740 1125 1769 in
1140 1739 1236 1769 terris
1257 1739 1315 1768 mi-

170 1785 254 1813 nime
276 1783 406 1818 habuit:
430 1782 655 1816 Melchisedech
672 1783 799 1813 tandem
815 1784 850 1813 et
863 1781 1007 1813 Christus
1022 1783 1153 1819 uterque
1174 1780 1315 1811 sacerdos

173 1827 208 1855 et
227 1824 378 1864 pontifex.
404 1823 441 1854 V.
463 1825 590 1855 Psalm.
615 1824 697 1861 CIX,
719 1826 752 1855 et
773 1824 831 1862 Ep.
858 1824 976 1854 Pnu..
1000 1824 1045 1853 ad
1066 1823 1166 1853 Hebr.
1191 1832 1219 1853 c.
1243 1822 1312 1852 XV.

172 1867 209 1898 V.
235 1867 375 1897 Arsnvx
397 1866 430 1896 in
451 1875 476 1896 c.
500 1866 556 1896 VII
581 1866 637 1904 Ep.
660 1867 705 1896 ad
725 1866 829 1897 Hebr.
852 1875 881 1896 v.
906 1866 956 1897 15.
982 1881 1021 1887 —·
1051 1865 1188 1902 ferculis
1216 1865 1314 1894 caele-

171 1908 276 1938 stibus
287 1918 298 1937 .·
320 1916 400 1945 quae
414 1908 508 1938 verba
523 1907 639 1946 Corpus
653 1909 686 1938 et
706 1908 896 1946 Sanguinem
918 1907 1105 1945 respiciunt,
1122 1914 1202 1943 quae
1217 1906 1315 1943 Insvs,

172 1950 230 1980 sub
251 1950 382 1980 obtentu
411 1950 578 1987 specieque
605 1950 696 1988 panis
728 1954 762 1980 et
789 1950 857 1980 vini
887 1950 920 1979 in
955 1957 1100 1987 suprema
1128 1956 1224 1978 coena
1250 1948 1317 1978 suis

172 1991 301 2022 obtulit.
325 1991 393 2021 Hac
414 1991 452 2021 de
473 2000 507 2021 re
528 1991 566 2021 V.
589 1991 622 2024 S.
646 1991 784 2022 Avcvsr.
808 1993 856 2022 De
881 1991 977 2021 civit.
1002 1991 1077 2027 Dei,
1099 1990 1185 2026 XVI,
1203 1989 1261 2021 22.

236 2038 281 2077 (5)
303 2039 402 2077 Oriyo
422 2039 519 2069 cuiue
539 2040 601 2070 eto.
626 2048 734 2070 versus
755 2039 793 2069 41
818 2040 851 2069 et
872 2039 912 2069 42
946 2039 1094 2075 leguntur
1116 2038 1149 2067 in
1171 2038 1316 2068 omnibus

174 2079 357 2116 Vaticanis:
381 2081 523 2111 attamen
545 2081 621 2118 quia
641 2082 675 2111 in
706 2081 854 2112 Pvrzfflo
886 2089 974 2112 mss.
998 2080 1123 2117 desunt,
1144 2088 1196 2110 eos
1218 2080 1319 2110 Hem-

174 2130 240 2153 srvs
262 2122 350 2153 uncis
373 2122 511 2155 inclusit.
