1566 2482
193 12 196 14 ,
251 0 301 20 *2¹*
411 15 414 16 ⁷
454 2 482 17 -7,
543 4 549 12 -
686 0 703 10 ,ιη
818 0 1259 34 ἧς,,,>ᾑγ;ζεῶ>εζςι)ἥν,ξὲη·ξςῆ
1282 11 1364 34 ...dm

237 159 314 199 140
606 172 759 201 Avarum
785 173 986 202 annuwm

235 280 412 319 Invalida
438 280 613 319 cecidisse
639 292 777 320 manu:
807 281 963 329 puerilis
988 281 1029 320 in
1056 281 1162 321 illum

235 333 396 372 Dextera
422 334 568 373 fundali
594 334 705 373 torsit
731 335 888 374 stridore
917 335 975 385 (1)
1004 335 1190 384 lapillum,

234 388 512 437 Traiectamque
539 400 629 427 cavo
656 389 865 437 penetravit
890 389 1041 428 vulnere
1068 389 1240 428 frontem.

235 441 306 479 Ille
326 442 467 489 minax,
484 442 644 491 rigidus,
662 442 824 490 iactans,
840 442 1088 491 truculentus,
1109 455 1273 491 amarus,
1296 444 1372 482 295

235 496 333 533 Dum
359 497 479 534 tumet
505 496 741 543 indomitum,
773 496 860 534 dum
885 495 1115 535 formidabile
1134 496 1251 535 fervet
1270 497 1344 548 (2),

234 549 333 586 Dum
360 561 439 588 sese
467 550 630 588 ostentat
656 550 798 598 clypeo,
830 550 918 588 dum
944 550 1094 588 territat
1121 562 1248 598 auras,

234 602 433 650 Expertus,
464 603 568 651 pueri
597 603 687 651 quid
713 603 858 651 possint
883 603 1027 642 ludicra
1053 604 1174 652 parvi,

234 656 433 695 Succubuit
459 656 598 695 teneris
626 657 781 695 bellator
806 657 978 695 turbidus
1005 658 1131 697 annis.

234 710 294 747 Me
321 711 410 748 tunc
437 709 500 748 ille
527 721 618 758 puer
645 710 794 749 virtutis
821 711 916 759 pube
944 712 1107 759 secutus,
1296 711 1374 750 300

234 762 423 801 Florentes
450 763 594 802 animos
622 775 769 802 sursum
795 763 836 802 in
863 776 945 802 mea
972 776 1089 812 regna
1114 764 1286 804 tetendit.

232 816 407 855 Servatur
435 829 510 865 qua
536 818 638 856 certa
665 817 757 855 mihi
785 818 915 856 domus
943 818 1206 866 omnipotentis

232 870 308 908 Sub
333 870 488 918 pedibus
516 870 681 918 Domini,
710 882 838 919 meque
866 871 916 909 ad
943 871 1098 910 sublime
1125 873 1320 911 vocantem

232 923 399 962 Victores
417 935 527 962 caesa
554 924 745 972 culparum
773 925 857 963 labe
886 927 1101 973 capessunt.
1133 938 1156 961 »
1186 947 1240 953 —

232 976 351 1024 Dixit,
382 979 419 1016 et
445 978 587 1016 auratis
614 978 897 1027 praestringens
924 983 1011 1017 aera
1037 980 1171 1027 pennis
1294 980 1371 1018 305

230 1030 279 1068 In
306 1031 446 1069 caelum
477 1043 515 1070 se
543 1031 648 1079 virgo
675 1032 796 1080 rapit:
829 1033 1012 1070 mirantur
1039 1034 1186 1070 euntem

231 1083 413 1132 Virtutes,
443 1085 650 1132 tolluntque
678 1085 822 1124 animos
850 1086 890 1124 in
919 1087 1019 1132 vota,
1050 1085 1214 1124 volentes

231 1137 291 1174 Ire
318 1137 444 1184 simul,
475 1141 516 1176 ni
541 1138 640 1176 bella
668 1139 778 1177 duces
806 1140 952 1177 terrena
979 1139 1183 1177 retardent.

230 1190 446 1239 Confligunt
473 1191 590 1239 vitiis,
622 1203 732 1241 seque
760 1193 807 1230 ad
836 1204 904 1231 sua
932 1193 1095 1240 praemia
1123 1194 1288 1231 servant.

773 1395 807 1433 V

323 1482 626 1533 LUXVRIAE*)
655 1484 717 1522 ΕΤ
745 1483 1071 1522 SOBRIETATIS
1100 1484 1276 1523 PVGNA

230 1608 391 1646 Venerat
416 1607 578 1646 occiduis
606 1608 734 1646 mundi
762 1608 805 1646 de
834 1608 971 1646 finibus
1000 1608 1117 1646 hostis
1287 1608 1366 1646 310

230 1661 407 1708 Luxuria,
436 1661 640 1700 exstinctae
667 1662 882 1700 iamdudum
909 1662 1066 1710 prOdiga
1093 1661 1229 1708 famae,

291 1784 336 1823 (1)
357 1785 492 1823 fundali
512 1786 664 1815 stridore.
688 1785 847 1820 Fundalis.
872 1786 911 1816 ad
927 1786 1053 1815 fundam
1077 1786 1251 1823 pertinens,
1274 1793 1366 1823 appo-

227 1826 325 1856 situm
337 1828 386 1857 est
396 1828 616 1865 perpetuumet
630 1828 752 1857 omnino
765 1828 1021 1858 Prudentianum.
1038 1827 1170 1866 Quidam
1186 1828 1294 1864 legunt
1313 1828 1367 1865 fu-

227 1869 326 1906 nali;
347 1868 399 1898 sed
421 1869 505 1906 prlor
526 1869 618 1899 lectio
640 1870 688 1899 est
719 1870 751 1899 in
783 1869 937 1907 plerisque
962 1869 1051 1900 codd.
1077 1869 1213 1905 vaticc.;
1238 1876 1368 1905 eamque

227 1909 457 1947 descripserunt
476 1910 626 1941 Hamsrvs
648 1912 681 1940 et
705 1911 875 1941 erzws.

290 1951 335 1988 (2)
356 1952 562 1988 formidabile
583 1952 696 1990 fervet.
720 1951 929 1983 Formidabile
958 1952 1146 1986 adverbial.:
1178 1953 1225 1983 ita
1253 1951 1364 1987 fervet,

227 1993 263 2021 ut
285 1992 478 2023 formidinem
499 1994 668 2024 concutiat.
682 1993 732 2025 Sic
748 1994 877 2025 Srnivs
901 1994 932 2023 in
958 1994 1057 2026 Theb.
1076 1994 1158 2031 vm,
1173 1994 1251 2024 582:
1272 2005 1290 2022 ‹
1305 1993 1366 2023 sor-

228 2033 377 2064 midabile
398 2035 516 2068 ridens.
542 2046 560 2064 »

287 2073 305 2093 *
325 2076 475 2114 Luxuria,
500 2086 548 2114 ae,
570 2077 626 2107 aut
647 2077 798 2114 luxuries,
821 2078 850 2108 oi
882 2077 1013 2107 nimiam
1046 2077 1169 2108 indicat
1189 2078 1364 2115 germinum

226 2117 400 2148 ubertatem
412 2119 445 2149 et
452 2119 703 2156 redundantian1;
713 2123 745 2150 et
759 2118 945 2150 transfertur
957 2120 995 2149 ad
1006 2120 1102 2150 nimis
1115 2120 1244 2151 multam
1260 2127 1365 2150 earum
