1566 2482
599 133 888 202 adamnanum
1239 156 1316 196 109

171 286 241 327 Sed
268 284 375 324 nulla
400 296 445 323 ex
471 281 586 321 fluido
613 281 746 330 plenae
773 279 972 328 dispendia
998 278 1137 318 formae

160 333 293 380 ‘Sentit
316 337 501 387 deliquio:
531 336 786 385 quantumque
815 335 987 372 armenta
1015 333 1191 382 saporum

170 393 384 434 Attenuant
411 401 561 438 saxum,
585 389 736 428 tantum
762 387 1016 427 lambentibus
1043 388 1176 427 humor

170 447 326 494 Sufficit,
355 445 597 493 attritamque
624 443 747 482 cutem
774 453 839 490 per
869 442 1007 480 damna
1031 442 1222 482 reformat.

171 503 254 541 Hoc
280 500 416 540 meruit
440 498 552 537 titulo
578 495 764 546 peccatrix
790 495 932 535 femina
959 495 1058 543 sisti,
1239 496 1314 534 755

171 556 384 601 Infirmum,
415 553 642 600 fluidumque
670 550 839 588 animum
865 562 932 598 per
957 550 1101 588 lubrica
1129 550 1277 588 solvens

171 609 355 656 Consilia,
385 608 423 646 et
449 606 598 655 fragilis
626 605 730 643 iussa
757 605 806 642 ad
834 603 1013 642 caelestia
1039 603 1132 642 voti.

172 662 407 712 Propositum
434 662 564 700 contra
590 670 668 698 non
695 657 957 697 commutabile
985 659 1110 696 servat

171 718 270 758 Loth
284 717 490 765 ‚ingressus
516 714 602 760 iter,
632 724 702 751 nec
727 712 876 751 moenia
902 711 1067 759 respicit,
1099 711 1176 750 alto

171 774 220 812 In
237 771 397 810 cinerem
423 769 603 817 conlapsa
621 777 726 816 rogo,
746 766 995 815 populumque
1013 766 1221 814 perustum,
1238 765 1314 803 760

171 827 221 866 Et
247 836 368 863 mores
395 822 538 872 populi,
566 821 756 860 tabularia
785 819 862 869 (1),
894 819 991 868 iura,
1020 819 1228 868 forumque,

172 880 330 926 Balnea,
360 876 532 926 propolas
560 874 763 922 meritoria,
802 873 958 922 templa,
988 873 1152 919 theatra,

172 935 223 973 Et
247 932 387 972 circum
414 942 499 969 cum
525 930 631 978 plebe
659 940 742 975 sua,
773 927 1016 975 madidasque
1043 927 1216 975 popinas.

171 986 359 1035 Quidquid
372 985 507 1034 ’agunt
534 983 718 1030 homines,
740 983 978 1021 Sodomorum
1005 981 1178 1020 incendia
1205 980 1315 1018 iustis

171 1040 333 1090 Ignibus
360 1039 572 1084 involvunt,
604 1038 655 1084 et,
686 1036 834 1076 Christo
852 1035 988 1082 iudice,
1009 1036 1205 1073 damnant.
1239 1034 1314 1073 765

172 1096 278 1134 Haec
303 1093 445 1142 fugisse
473 1092 586 1131 semel
613 1089 709 1129 satis
736 1091 819 1136 est3
850 1100 927 1128 non
954 1089 1108 1138 respicit
1133 1089 1234 1127 ultra
1351 1093 1354 1095 ’

173 1149 271 1188 Loth
297 1148 450 1193 nostem
481 1145 631 1195 fragilis
659 1144 723 1182 sed
751 1143 885 1183 coniux
911 1143 1078 1192 respicit,
1108 1144 1159 1190 et,
1191 1154 1284 1191 quae

173 1203 352 1251 Fugerat,
380 1201 528 1239 inverso
555 1198 746 1238 mutabilis
774 1209 835 1237 ore
860 1197 1006 1245 revisit,

174 1257 298 1305 Atque
326 1255 423 1293 inter
450 1253 593 1302 patrias
619 1253 763 1301 perstat
791 1252 926 1290 durata
953 1250 1119 1290 favillas.
1325 1281 1327 1283 .

173 1311 233 1349 Εη
258 1309 328 1348 tibi
357 1308 549 1357 signatum
575 1306 762 1345 libertatis
791 1306 1080 1344 documentum:
1239 1303 1315 1342 770
1372 1313 1375 1315 ’

174 1365 253 1411 Quo
283 1362 342 1413 (2)
368 1362 488 1401 voluit
515 1372 583 1400 nos
611 1360 707 1400 scire
731 1361 848 1407 Deus,
877 1359 1132 1409 quodcumque
1159 1369 1314 1408 sequen-

926 1444 929 1446 .
1127 1412 1215 1451 dum
1242 1413 1314 1459 est,

174 1471 249 1510 Sub
277 1471 406 1509 nostra
433 1468 572 1507 ditione
601 1468 735 1514 situm3
765 1467 978 1516 passimque
996 1410 1208 1514 remisEuQ

174 1524 405 1563 Alterutram
432 1523 576 1562 calcare
602 1522 717 1560 viam.
749 1523 831 1560 Duo
865 1521 990 1559 cedere
1018 1520 1111 1559 iussi

175 1580 229 1617 De
257 1577 436 1623 Sodomis,
464 1577 558 1615 alter
587 1588 625 1614 se
652 1575 824 1624 proripit,
854 1575 973 1613 altera
998 1575 1156 1612 mussat.

174 1632 246 1670 Ille
272 1632 433 1681 gradum
449 1630 589 1669 celerat
614 1629 779 1678 fugiens,
809 1629 940 1667 contra
957 1628 1024 1666 illa
1042 1628 1206 1666 renutat.
1239 1627 1315 1665 775

176 1686 286 1724 Liber
313 1685 460 1734 utrique
489 1684 653 1731 animuS,
685 1683 750 1721 sed
778 1682 907 1730 dispar
931 1681 1079 1730 utrique
1106 1681 1295 1720 voluntas.

237 1829 283 1867 (1)
307 1827 492 1858 tabularia.
514 1826 715 1857 Tabularium
737 1825 832 1861 locus,
856 1825 909 1854 ubi
931 1824 1056 1855 tabulae
1070 1824 1248 1859 litteratae,
1271 1823 1316 1853 in-

174 1871 362 1905 strumenta,
383 1869 532 1907 epistolae
554 1869 685 1905 actaque
708 1867 832 1905 publica
847 1868 1061 1897 asservantur:
1079 1875 1135 1896 nos
1149 1866 1318 1896 diceremus

176 1922 221 1942 un
232 1911 392 1942 archivio.
406 1928 446 1933 -—
457 1911 628 1950 Propolas.
642 1927 681 1932 -—-
693 1907 894 1956 Προπώλης
909 1910 956 1940 est
968 1908 1184 1944 dardanarius,
1202 1908 1253 1945 qui
1270 1916 1318 1938 res

177 1958 304 1988 minoris
324 1958 446 1996 emptas
466 1958 594 1988 maioris
616 1958 782 1995 utcumque
794 1954 953 1991 extrudit:
977 1964 1032 1986 nos
1054 1958 1210 1994 propolam
1235 1963 1319 1985 more

176 2002 280 2031 nostro
301 2000 485 2037 diceremus,
506 2009 555 2030 un
574 1999 826 2038 rivenduyliolo,
848 2008 896 2029 un
917 1999 1098 2036 riyatto'ere.
1115 1998 1176 2027 Hie
1191 2006 1250 2028 vex
1271 2000 1320 2026 est

176 2051 231 2081 pro
249 2041 319 2072 loco
338 2042 453 2080 posita,
476 2041 530 2072 ubi
552 2041 728 2072 istiusmodi
743 2041 954 2078 negotiatores
976 2040 1115 2070 adstant.
1132 2039 1239 2069 Prima
1260 2038 1319 2077 syl-

175 2085 247 2115 laba
268 2084 462 2122 producitur,
485 2084 565 2121 quod
585 2084 718 2120 Lucilio,
740 2084 872 2120 aliisque
895 2083 1052 2112 usuvenit.

239 2125 290 2166 (2)
313 2127 382 2164 Quo
405 2125 518 2157 volun.
542 2143 584 2148 —
604 2126 743 2157 Glszmn.
768 2126 799 2155 in
822 2125 979 2162 margine:
1005 2124 1095 2161 Quod
1117 2123 1229 2154 voluit.
