1566 2482
9 2325 46 2482 W·-
20 2258 41 2315 ἢ·

404 184 547 213 comm
574 172 769 213 srmcm
795 175 1009 212 enarrentur
1198 171 1273 212 211

188 296 239 335 Et
256 293 468 334 dubitamus
485 293 624 340 adhuc,
645 293 803 332 Romam
819 292 906 341 tibi,
928 291 1091 340 Christe,
1113 293 1275 333 dicatam

187 350 236 388 In
262 349 366 398 leges
391 347 575 386 transisse
602 348 717 386 tuas?
744 346 918 395 omnique
945 346 1132 386 volentem
1179 345 1274 399 [590

189 404 280 447 Cum
306 401 442 451 populo
469 402 508 440 et
534 401 690 440 summis
717 411 802 439 cum
820 400 979 443 civibus,
999 400 1118 439 ardua
1143 402 1275 451 magni

187 457 272 495 Iam
299 467 410 504 super
427 455 530 494 astra
558 454 635 503 poli
651 456 841 493 terrenum
869 454 1064 492 extendere
1092 459 1275 504 regnum?

186 510 225 549 N
226 521 266 548 ec
294 520 454 556 moveor,
476 509 574 557 quod
601 519 689 556 pars
708 508 902 546 hominum
918 508 1111 546 rarissima
1126 509 1273 548 clausos

186 565 273 603 Non
300 563 419 611 aperit
446 562 600 601 sublime
628 561 754 600 oculos
775 562 851 611 (1),
871 562 908 600 et
935 563 1128 610 gressibus
1156 566 1269 601 errat.

185 617 396 664 Quamlibet
423 616 601 654 inlustres
629 615 784 662 meritis,
815 616 853 653 et
880 616 1067 664 sanguine
1094 617 1203 663 clari,

185 671 357 709 Praemia
383 670 564 708 virtutum
591 669 714 708 titulis
740 670 778 707 et
806 669 1008 708 honoribus
1037 670 1138 708 aucti
1195 671 1270 709 595

183 724 315 763 Ardua
341 723 552 770 retulerint,
583 723 836 771 fastorumque
864 735 946 762 arce
974 723 1085 771 potiti
1106 724 1166 772 (2)

185 778 358 817 Annales
384 776 532 825 proprio
559 776 749 825 signarint
775 776 924 814 nomine
952 777 1118 824 chartas,
1141 799 1145 802 >

184 833 307 881 Atque
335 831 433 869 inter
459 831 600 868 veteres
627 841 711 868 cera
739 831 980 868 numerentur
1006 832 1043 869 et
1070 843 1154 869 aere
1188 831 1268 881 (3):

183 886 363 924 Attamen
391 884 431 922 in
458 883 604 932 paucis,
634 884 708 922 iam
737 883 929 922 deficiente
956 885 1122 931 caterva,

182 940 263 978 Nec
279 949 440 987 persona
458 937 533 975 sita
550 939 608 975 est
624 937 781 985 patriae,
798 948 867 975 nec
881 937 984 976 curia
1002 940 1171 984 constat3
1194 940 1271 978 600

182 993 232 1031 Et
259 993 512 1041 quodcumque
542 990 642 1029 fovet
669 990 784 1029 studii
810 991 959 1039 privata
988 992 1179 1039 voluntas,

181 1047 239 1085 Ac
266 1046 342 1084 iam
368 1056 456 1083 rara
482 1046 605 1082 tenet:
639 1044 703 1083 sed
730 1044 880 1092 publica
906 1046 994 1084 vota
1020 1046 1240 1093 reclamant,

181 1099 366 1138 Dissensu
393 1097 528 1138 celebri
555 1098 740 1146 trepidum
770 1098 991 1137 damnantia
1017 1111 1197 1140 murmur.

179 1153 239 1192 Sic
265 1153 438 1195 consulta
463 1153 612 1200 patrum
641 1151 844 1191 subsistere
871 1153 1181 1201 conscriptorum,

124 1278 251 1317 accepit
269 1277 399 1309 Sacrum
421 1277 564 1308 Chrisma
584 1277 758 1309 conficitur.
784 1275 822 1310 V.
841 1277 1059 1309 Calendarium
1077 1278 1267 1316 Romanum,

125 1320 247 1351 saeculo
270 1320 295 1349 V
316 1321 481 1350 exaratum
504 1328 523 1350 a
545 1319 702 1350 Marsua
716 1319 851 1358 primum
873 1320 995 1351 editum
1008 1321 1163 1352 Anecdot.
1180 1322 1216 1352 T.
1234 1323 1267 1359 5,

110 1364 112 1366 '
126 1370 195 1400 pag.
217 1361 272 1393 63.

191 1413 242 1455 (1)
264 1414 406 1445 sublime
426 1415 546 1447 oculos.
568 1415 620 1446 Ita
641 1414 808 1446 Hzmsrvs:
830 1415 893 1446 sub
916 1416 986 1446 luce
1008 1416 1118 1447 oculos
1138 1417 1268 1455 vulgata

125 1456 176 1486 est
195 1456 285 1494 lect„
307 1457 342 1487 et
362 1457 443 1495 apud
466 1457 570 1488 G1sn1..
594 1465 688 1494 quam
709 1458 839 1488 minime
861 1458 1109 1497 aspernabimur.

190 1509 236 1548 (2)
258 1510 484 1549 fastorumque
505 1518 579 1540 arce
595 1510 708 1549 potiti.
731 1510 867 1541 Nomina
881 1511 1038 1542 consulum
1054 1511 1086 1542 in
1101 1512 1265 1543 Fastorum

124 1550 204 1581 libro
224 1550 449 1586 reserebantur,
471 1553 505 1582 et
526 1559 640 1582 annum
660 1551 844 1589 signabant,
866 1562 926 1590 quo
948 1554 1171 1590 magistratum
1193 1562 1263 1591 ges-

125 1593 245 1625 serunt.
267 1592 349 1623 Hinc
364 1593 412 1623 vel
435 1593 504 1631 ipsa
525 1593 600 1623 vina
620 1593 654 1623 in
676 1593 780 1623 caveis
806 1595 944 1633 seposita
971 1594 1131 1625 consulum
1152 1604 1262 1626 nornen

123 1635 274 1673 scriptum
294 1634 476 1672 designant:
500 1635 595 1671 atque
616 1635 692 1665 adeo
713 1636 850 1666 consulis
866 1644 976 1667 nomen
998 1637 1148 1676 temporis
1170 1637 1265 1668 index

124 1678 206 1713 erat,
228 1683 288 1713 quo
308 1677 342 1706 in
362 1676 454 1707 doliis
474 1676 622 1714 cadisque
642 1678 736 1707 erant
755 1677 888 1709 inclusa.
910 1678 949 1710 V.
965 1679 1094 1712 Hona'r.
1111 1679 1263 1718 Lyn-icor.

124 1717 182 1755 III,
205 1718 243 1749 21
266 1719 300 1749 et
321 1718 374 1750 28.

185 1770 234 1811 (3)
256 1781 332 1803 cera
352 1775 570 1803 numerentur
590 1775 621 1802 et
640 1782 727 1805 aere.
753 1773 812 1812 Qui
833 1782 893 1805 non
909 1775 1014 1805 essent
1028 1774 1168 1805 homines
1189 1775 1262 1805 novi

121 1813 175 1843 sed
206 1813 326 1844 nobiles
357 1814 531 1851 imaginum
553 1815 602 1845 ius
623 1814 785 1846 habebant
806 1816 958 1847 maiorum
980 1826 1106 1847 suorum
1130 1816 1163 1847 in
1187 1816 1264 1847 locis·

122 1854 255 1893 publicis
269 1856 453 1894 exponendi.
475 1855 655 1887 Istiusmodi
671 1860 776 1888 autem
799 1858 951 1895 imagines
966 1858 1015 1889 vel
1030 1860 1157 1889 statuae
1172 1860 1265 1888 erant

121 1905 192 1927 cera
212 1898 270 1927 aut
290 1906 360 1928 aere
380 1897 498 1934 iactam
522 1899 706 1936 praesertim
722 1907 793 1929 vero
808 1909 880 1930 cera
894 1901 1013 1931 effictas
1034 1902 1069 1931 et
1089 1900 1262 1938 dispositas

121 1938 155 1968 in
177 1939 271 1969 atriis
292 1939 400 1969 domus
421 1940 552 1977 quisque
578 1949 653 1971 suae
681 1941 883 1973 collocabant.
906 1943 1013 1979 Neque
1034 1942 1191 1973 nobilibus
1213 1950 1262 1971 su·

121 1980 229 2018 perbia
247 1980 442 2052 tumentibus
462 1983 603 2020 pepercit
623 1983 804 2021 Ivvsnus,
826 1984 896 2014 Sat.
914 1984 998 2021 VIII,
1020 1984 1072 2022 19,
1096 1992 1189 2021 quum
1210 1991 1262 2014 eos

120 2022 342 2053 commonefaci
367 2031 376 2054 ι
597 2023 602 2028 ’

243 2092 261 2110 «
284 2082 364 2112 Tota
383 2082 460 2112 lieet
480 2083 600 2114 veteres
620 2085 776 2116 exornent
796 2085 931 2123 undique
953 2094 1043 2116 cerae

286 2123 391 2162 Atria,
412 2123 562 2156 nobilitas
582 2126 649 2157 sola
669 2128 719 2158 est
739 2128 835 2165 atque
857 2128 950 2158 unica
972 2128 1085 2158 virtus.
1110 2137 1129 2156 »
