1566 2482
349 296 591 362 CONTRA
630 296 946 362 SYMMAcffl
982 256 1338 361 oRA'uoNEM

585 425 762 459 LIBER
791 424 1085 458 SECVNDVS

506 688 730 716 ADVERSARII
755 687 907 715 OBIECTA
934 687 1115 715 REFELLIT
1144 675 1178 724 *J

331 802 524 841 Hactenus
551 803 588 839 et
614 802 779 840 veterum
806 801 992 840 cunabula
1018 800 1140 848 prima
1167 800 1331 847 deorum,

331 858 380 895 Et
395 867 566 903 caussae,
583 855 717 903 quibus
735 866 835 894 error
853 855 965 893 hebes
979 854 1165 893 conflatus
1181 853 1223 892 in
1241 853 1326 892 orbe
1339 853 1411 899 est,

330 909 518 956 Diximus,
533 911 569 947 et
582 911 710 948 nostro
734 910 890 948 Romam
907 909 983 947 iam
999 907 1146 946 credere
1162 907 1221 958 (1)
1242 906 1411 952 Christ03

331 965 445 1002 Nunc
473 962 617 1001 obiecta
642 963 781 1011 legam,
813 973 912 1001 nunc
949 961 1061 1001 dictis
1098 961 1197 1000 dicta
1227 960 1410 999 refellam.

328 1018 435 1056 Vnde
450 1017 566 1065 igitur
583 1017 746 1065 coepisse
764 1017 903 1063 ferunt,
925 1018 992 1055 aut
1010 1028 1054 1054 ex
1073 1015 1208 1063 quibus
1227 1026 1366 1060 orsum,
1389 1015 1412 1050 5

330 1072 407 1117 Quo
426 1083 534 1119 mage
552 1072 686 1108 sancta
704 1071 849 1109 Ducum
868 1070 978 1108 corda
1003 1069 1100 1107 illice
1128 1069 1290 1107 flecteret
1307 1069 1414 1106 arte?

331 1127 531 1163 Armorum
559 1123 742 1171 dominos,
773 1125 975 1162 vernantes
1001 1123 1090 1160 flore
1117 1122 1306 1168 iuventae,

330 1179 434 1216 Inter
461 1178 586 1216 castra
613 1177 732 1225 patris
759 1177 907 1225 genitos
928 1178 1004 1226 (2),
1025 1176 1095 1214 sub
1122 1175 1288 1223 imagine
1308 1174 1414 1212 avita

329 1232 493 1270 Eductos
523 1232 590 1279 (3),
622 1230 791 1278 exempla
818 1231 920 1269 domi
946 1231 1127 1277 congesta
1153 1229 1332 1275 calentes,

330 1286 463 1324 Orator
488 1287 597 1323 catus
623 1284 800 1333 instigat,
831 1296 897 1323 ceu
924 1283 1084 1322 classica
1111 1282 1200 1320 belli
1362 1280 1414 1320 10

331 1339 544 1387 Clangeret,
574 1338 793 1386 exacuitque
820 1337 982 1384 animos,
1013 1338 1050 1375 et
1076 1336 1169 1375 talia
1196 1335 1338 1374 iactat:

278 1393 316 1431 Si
344 1392 450 1431 vobis
477 1392 535 1430 vel
563 1394 686 1439 parta,
717 1391 802 1438 viri,
834 1391 1001 1430 Victoria
1029 1389 1131 1429 cordi
1159 1391 1230 1436 est,

330 1447 399 1484 Vel
426 1446 610 1494 parienda
637 1445 790 1496 dehin03
811 1445 991 1492 templum
1010 1445 1078 1482 dea
1096 1443 1203 1492 virgo
1222 1442 1411 1482 sacratum

330 1499 520 1546 Obtineat,
551 1499 655 1538 vobis
682 1498 945 1547 regnantibus.
976 1497 1114 1546 Ecquis
1141 1497 1282 1535 amicus

330 1553 525 1600 Hostibus,
542 1553 776 1592 hanc-vestro
791 1554 918 1590 sancte
933 1553 1047 1600 negat
1061 1562 1140 1589 esse
1154 1549 1345 1589 colendam
1367 1548 1415 1586 15

330 1606 503 1654 Imperio,
533 1606 591 1645 cui
622 1618 762 1655 semper
790 1606 912 1653 adest,
943 1605 1040 1653 quod
1067 1604 1242 1642 laudibus
1260 1603 1417 1650 implet?

340 1731 367 1770 ”)
392 1731 538 1768 Refellit.
560 1731 598 1761 In
620 1729 677 1761 hoc
698 1730 778 1760 libro
798 1730 931 1760 secundo
953 1729 1049 1759 Poeta
1070 1730 1154 1759 totus
1175 1730 1239 1764 est,
1268 1728 1305 1757 ut
1326 1734 1406 1764 quae

279 1772 477 1811 potissimum
497 1773 536 1803 ob
557 1772 659 1803 oculos
679 1773 906 1810 Imperatorum
928 1770 1058 1801 callidus
1071 1770 1274 1809 proposuerat
1295 1768 1417 1799 Praefe-

279 1817 349 1845 ctus
372 1814 459 1851 Vrbi,
481 1815 561 1844 satis
581 1822 733 1852 superque
755 1812 881 1844 refutet.
1015 1837 1017 1839 .

342 1856 388 1894 (1)
410 1857 478 1885 iam
499 1856 627 1885 credere
649 1855 794 1886 Cnmsro.
817 1854 876 1885 Sed
891 1854 968 1885 Cim.
986 1853 1156 1884 CnnnAmvs
1170 1851 1301 1889 quodam
1315 1851 1420 1881 codice
1440 1875 1442 1879 .

280 1898 408 1927 innixus
428 1897 566 1927 mavult:
590 1897 703 1935 legere.
727 1896 797 1927 Stet
812 1896 876 1926 suis
898 1896 931 1925 in
952 1896 1063 1934 opibus
1078 1894 1219 1924 eruditus
1234 1892 1417 1932 philologus.

343 1939 388 1977 (2)
412 1939 500 1968 inter
520 1941 631 1968 castra
648 1938 762 1977 patrie
781 1938 918 1976 yenitos.
941 1937 986 1967 De
1009 1937 1120 1973 quibus
1141 1936 1191 1966 hic
1214 1934 1366 1965 fratribus
1387 1935 1420 1965 in

280 1986 384 2010 castra
404 1981 505 2018 patris
527 1981 643 2014 genitis
670 1987 770 2010 sermo
791 1980 846 2013 sit,
871 1987 920 2014 ne,
945 1979 1055 2008 amabo
1075 1980 1121 2014 te,
1143 1985 1285 2015 quaeraS.
1315 1976 1415 2007 Inter-

279 2024 382 2059 protes
397 2023 479 2051 enim
503 2022 557 2052 alii
580 2022 644 2052 alia
675 2020 867 2060 proferentes
887 2020 1018 2051 lectores
1049 2020 1205 2058 patientes
1228 2019 1260 2049 in
1282 2017 1419 2048 tenebris

281 2064 473 2099 relinquunt.

342 2106 388 2143 (3)
411 2106 540 2135 eductos
561 2104 718 2136 educatos,
741 2104 778 2135 V.
802 2104 952 2135 Ivmmu„
977 2103 1044 2134 Sat.
1067 2102 1109 2137 X.
1134 2102 1207 2133 236.
