1566 2482
260 169 337 208 204
638 182 791 210 Avitum
817 182 1018 213 Pavnmwru

311 288 394 327 Mos
421 289 540 335 iuvat,
571 290 614 327 ut
641 288 796 337 pinguis
823 289 906 328 luco
933 290 1094 330 lanietur
1121 291 1163 330 in
1190 293 1268 331 alto
1312 282 1337 292 ‘³

313 341 491 389 Victima,
521 342 725 380 visceribus
751 342 870 381 multa
897 342 992 381 inter
1018 343 1108 383 vina
1134 346 1323 385 vorandis.

312 396 366 433 At
392 397 444 442 te,
476 407 569 443 quae
598 395 749 434 domitis
776 396 880 444 leges
908 408 952 434 ac
978 397 1061 435 iura
1088 397 1224 437 dedisti
1314 400 1391 439 455
1452 392 1456 397 “

313 448 512 493 Gentibus,
543 448 760 496 instituens,
792 460 954 498 magnus
982 462 1055 498 qua
1080 452 1247 490 tenditur
1275 454 1390 502 orbis,

312 503 510 540 Armorum
538 513 750 550 morumque
779 502 875 541 feros
903 514 1158 543 mansuescere
1185 506 1293 555 ritus,

314 555 520 604 Indignum
546 567 590 593 ac
618 556 791 594 miserum
818 557 890 603 est,
920 556 960 594 in
987 557 1165 605 religione
1190 559 1355 598 tenenda

313 609 395 647 Hoc
423 620 562 656 sapere,
594 610 771 647 immanes
798 609 925 656 populi
954 610 997 647 de
1026 621 1124 649 more
1152 611 1271 651 ferino

310 662 415 708 Quod
432 662 598 710 sapiunt,
618 662 792 710 nullaque
805 663 915 700 rudes
929 662 1072 702 ratione
1082 666 1301 712 sequuntur.
1314 666 1393 705 460

311 717 382 754 Seu
410 727 478 754 nos
505 715 716 763 procinctus
744 717 894 753 maneat
923 715 998 764 (1),
1039 728 1105 756 seu
1131 729 1220 765 pace
1249 719 1394 767 quietas

313 769 505 807 Dictemus
533 768 649 816 leges,
680 780 746 806 seu
774 768 958 806 debellata
986 770 1140 808 duorum

313 822 417 860 Colla
445 823 687 870 tyrannorum
718 823 776 870 (2)
806 822 928 860 media
956 822 1138 862 calcemus
1165 823 1206 862 in
1233 800 1345 864 urbe:

313 877 524 924 Agnosces,
555 875 700 924 regina,
729 875 849 914 libens
877 886 959 913 mea
987 875 1097 924 signa
1125 888 1273 916 necesse
1301 880 1374 927 est,

312 929 361 967 In
380 929 514 977 quibus
528 929 666 977 effigies
687 928 814 967 Crucis
834 932 899 967 aut
918 931 1105 977 gemmata
1119 930 1294 979 refulget,
1311 909 1390 970 46⁷5

312 983 391 1021 Aut
417 982 544 1030 longis
573 982 689 1020 solido
717 994 760 1020 ex
789 993 879 1020 auro
907 982 1113 1029 praefertur
1140 983 1180 1021 in
1207 984 1344 1023 hastis.

315 1036 395 1074 Hoc
424 1035 532 1083 signo
548 1034 608 1085 (3)
624 1035 800 1082 invictus,
831 1035 1063 1074 transmissis
1091 1036 1251 1084 Alpibus
1277 1037 1391 1086 ultor,

309 1088 508 1127 Servitium
537 1089 648 1126 solvit
675 1088 881 1127 miserabile
911 1089 1193 1127 Constantinus.

312 1143 432 1188 Quum
460 1143 496 1180 te
526 1141 703 1189 pestifera
730 1142 910 1189 premeret
938 1142 1265 1180 Maxentiusaula
1299 1143 1374 1191 (4),

312 1194 486 1242 Lugebas
513 1195 626 1242 longo
655 1195 850 1233 damnatos
879 1206 1021 1233 carcere
1047 1197 1211 1243 centum,
1317 1196 1396 1236 470

311 1248 363 1290 Vt
390 1247 464 1286 scis
490 1247 589 1295 ipsa,
619 1249 764 1294 patres3
794 1250 859 1285 aut
887 1259 1046 1295 sponsus
1074 1248 1222 1287 foedera
1246 1250 1378 1297 pactae

311 1301 525 1348 Intercepta
552 1312 718 1348 gemens,
750 1300 900 1348 diroque
929 1301 1089 1339 satellite
1117 1303 1241 1349 rapta,

311 1354 515 1392 Immersus
541 1353 718 1400 tenebris,
750 1353 842 1391 dura
869 1353 966 1391 inter
992 1354 1144 1392 vincula
1172 1355 1304 1393 flebat:

311 1408 391 1445 Aut
418 1407 451 1445 si
477 1408 609 1455 nupta,
639 1409 761 1445 torum
788 1407 887 1455 regis
915 1408 1159 1445 conscendere
1187 1408 1306 1455 iussa,

313 1461 488 1508 Coeperat
514 1460 699 1508 impurum
725 1460 866 1498 domini
893 1460 1075 1499 oblectare
1102 1460 1277 1509 furorem,
1316 1461 1392 1501 475

311 1513 430 1552 Morte
457 1513 639 1551 maritalis
668 1512 783 1551 dabat
809 1513 1021 1561 indignatio
1049 1525 1202 1561 poenas.

311 1567 429 1605 Plena
455 1566 661 1614 puellarum
690 1566 858 1614 patribus
886 1567 1077 1615 ergastula
1106 1567 1164 1616 (5)
1193 1567 1295 1606 saevi

322 1655 370 1695 (1)
394 1655 456 1684 Seu
477 1663 535 1685 nos
550 1656 741 1694 procinctus
763 1658 913 1685 maneat:
935 1655 1004 1685 scil.
1027 1654 1138 1686 bellica
1158 1656 1327 1695 expeditio.

292 1712 294 1716 >
323 1698 366 1733 (2)
390 1697 533 1726 duorum
556 1697 646 1727 Colla
670 1700 902 1735 tyrannorum.
925 1697 962 1726 V.
987 1697 1128 1728 adnotat.
1153 1697 1193 1728 ad
1213 1706 1295 1729 vers.
1317 1697 1392 1730 410.

323 1739 368 1777 (3)
389 1739 459 1768 Hoc
480 1739 574 1775 signo
595 1739 750 1768 invictus.
774 1738 811 1767 V.
835 1738 983 1768 Zonaram
1000 1739 1032 1768 in
1047 1738 1288 1769 Constantinum
1302 1746 1393 1777 penoe

258 1780 380 1810 BAnon.
399 1780 485 1810 Anu.
509 1780 593 1810 Tom.
617 1780 671 1815 IV,
698 1788 767 1817 pag.
791 1780 863 1814 901,
888 1781 921 1810 et
942 1780 1107 1810 BALvnvn
1129 1780 1162 1809 in
1184 1780 1325 1813 adnotat.
1350 1780 1392 1812 ad

258 1821 404 1851 Lactant.
429 1821 514 1851 Libr.
537 1822 585 1850 De
607 1822 766 1851 mortibus
784 1824 1037 1859 persecutorum.

323 1863 373 1902 (4)
389 1862 552 1901 pestifera
570 1866 729 1900 pretrieret
744 1863 935 1893 Maxentius
950 1863 1043 1892 aula.
1060 1862 1219 1894 Libidines
1238 1864 1271 1894 et
1285 1863 1391 1894 crude-

258 1904 381 1934 litatem
404 1904 559 1934 Maxentii
580 1905 690 1934 nan-at
709 1904 859 1934 Evsssmvs
879 1905 928 1934 De
956 1903 1032 1934 Vita
1065 1904 1233 1936 Constant.
1257 1904 1334 1936 Vide
1355 1905 1389 1936 et

259 1945 433 1982 Limen-Aur„
454 1945 503 1975 De
524 1946 630 1975 Morte
651 1946 914 1982 Persecutorum,
938 1953 1023 1975 κων.

324 1987 367 2027 (5)
389 1987 494 2018 Plena
524 1987 716 2024 puellarum
746 1987 897 2025 patribus
929 1987 1098 2025 erqastula
1127 1987 1310 2026 Principis.
1339 1987 1391 2019 Sic

258 2036 347 2060 mss·
370 2028 430 2058 Sed
451 2028 626 2065 Glsnunvs,
649 2028 756 2060 N1cot..
770 2028 934 2064 Hssmsws,
957 2028 1072 2065 aliique
1084 2029 1124 2058 ad
1135 2029 1229 2059 metri
1239 2029 1391 2060 veriorem

257 2070 411 2100 rationem
426 2069 590 2100 accedens:
608 2080 625 2098 «
643 2070 738 2100 Plena
752 2069 920 2108 puellarum
935 2070 1118 2107 patrumque
1132 2070 1292 2107 ergastula
1305 2070 1389 2103 saevi

257 2110 423 2148 Principis
441 2121 459 2139 »
