<?xml version="1.0" encoding="UTF-8"?>
<!DOCTYPE html PUBLIC "-//W3C//DTD XHTML 1.0 Transitional//EN"
    "http://www.w3.org/TR/xhtml1/DTD/xhtml1-transitional.dtd">
<html xmlns="http://www.w3.org/1999/xhtml" xml:lang="en" lang="en">
 <head>
  <title>
</title>
<meta http-equiv="Content-Type" content="text/html;charset=utf-8" />
  <meta name='ocr-system' content='tesseract 3.04.00' />
  <meta name='ocr-capabilities' content='ocr_page ocr_carea ocr_par ocr_line ocrx_word'/>
</head>
<body>
  <div class='ocr_page' id='page_1' title='image "./operaprud00pruduoft/operaprud00pruduoft_0106.png"; bbox 0 0 1566 2482; ppageno 0'>
   <div class='ocr_carea' id='block_1_1' title="bbox 231 0 1566 175">
    <p class='ocr_par' dir='ltr' id='par_1_1' title="bbox 231 0 1566 175">
     <span class='ocr_line' id='line_1_1' title="bbox 231 0 1566 175; baseline 0 2307"><span class='ocrx_word' id='word_1_1' title='bbox 231 0 1566 175; x_wconf 95' lang='lat' dir='ltr'> </span> 
     </span>
    </p>
   </div>
   <div class='ocr_carea' id='block_1_2' title="bbox 286 191 1049 231">
    <p class='ocr_par' dir='ltr' id='par_1_2' title="bbox 286 191 1049 231">
     <span class='ocr_line' id='line_1_2' title="bbox 286 191 1049 231; baseline -0.007 0"><span class='ocrx_word' id='word_1_2' title='bbox 286 191 364 231; x_wconf 81' lang='lat'>102</span> <span class='ocrx_word' id='word_1_3' title='bbox 660 201 812 229; x_wconf 62' lang='lat' dir='ltr'>Avitum</span> <span class='ocrx_word' id='word_1_4' title='bbox 849 198 1049 228; x_wconf 66' lang='lat' dir='ltr'>Pavonum</span> 
     </span>
    </p>
   </div>
   <div class='ocr_carea' id='block_1_3' title="bbox 295 262 1095 269">
    <p class='ocr_par' dir='ltr' id='par_1_3' title="bbox 295 262 1095 269">
     <span class='ocr_line' id='line_1_3' title="bbox 295 262 1095 269; baseline 0 0"><span class='ocrx_word' id='word_1_5' title='bbox 295 262 1095 269; x_wconf 95' lang='lat' dir='ltr'> </span> 
     </span>
    </p>
   </div>
   <div class='ocr_carea' id='block_1_4' title="bbox 1243 261 1428 266">
    <p class='ocr_par' dir='ltr' id='par_1_4' title="bbox 1243 261 1428 266">
     <span class='ocr_line' id='line_1_4' title="bbox 1243 261 1428 266; baseline 0 0"><span class='ocrx_word' id='word_1_6' title='bbox 1243 261 1428 266; x_wconf 95' lang='lat' dir='ltr'> </span> 
     </span>
    </p>
   </div>
   <div class='ocr_carea' id='block_1_5' title="bbox 284 307 1431 1698">
    <p class='ocr_par' dir='ltr' id='par_1_5' title="bbox 284 307 1431 1698">
     <span class='ocr_line' id='line_1_5' title="bbox 287 307 1321 358; baseline -0.004 -8"><span class='ocrx_word' id='word_1_7' title='bbox 287 312 325 350; x_wconf 86' lang='lat' dir='ltr'>Si</span> <span class='ocrx_word' id='word_1_8' title='bbox 350 311 438 350; x_wconf 88' lang='lat' dir='ltr'>licet</span> <span class='ocrx_word' id='word_1_9' title='bbox 465 322 510 349; x_wconf 84' lang='lat' dir='ltr'>ex</span> <span class='ocrx_word' id='word_1_10' title='bbox 536 309 668 349; x_wconf 76' lang='lat' dir='ltr'><strong>ethicis</strong></span> <span class='ocrx_word' id='word_1_11' title='bbox 696 309 898 358; x_wconf 81' lang='lat' dir='ltr'>quidquam</span> <span class='ocrx_word' id='word_1_12' title='bbox 924 318 1170 357; x_wconf 81' lang='lat' dir='ltr'>praesumere,</span> <span class='ocrx_word' id='word_1_13' title='bbox 1201 307 1259 346; x_wconf 90' lang='lat' dir='ltr'>vel</span> <span class='ocrx_word' id='word_1_14' title='bbox 1287 307 1321 346; x_wconf 88' lang='lat' dir='ltr'>si</span> 
     </span>
     <span class='ocr_line' id='line_1_6' title="bbox 290 361 1372 413; baseline -0.003 -10"><span class='ocrx_word' id='word_1_15' title='bbox 290 367 342 403; x_wconf 89' lang='lat' dir='ltr'>De</span> <span class='ocrx_word' id='word_1_16' title='bbox 356 364 511 413; x_wconf 78' lang='lat' dir='ltr'>phisicis</span> <span class='ocrx_word' id='word_1_17' title='bbox 530 363 686 412; x_wconf 85' lang='lat' dir='ltr'>exempli</span> <span class='ocrx_word' id='word_1_18' title='bbox 705 363 870 412; x_wconf 88' lang='lat' dir='ltr'>aliquid:</span> <span class='ocrx_word' id='word_1_19' title='bbox 889 362 943 402; x_wconf 89' lang='lat' dir='ltr'>sic</span> <span class='ocrx_word' id='word_1_20' title='bbox 959 361 1086 410; x_wconf 85' lang='lat' dir='ltr'>vipera</span> <span class='ocrx_word' id='word_1_21' title='bbox 1103 361 1179 412; x_wconf 89' lang='lat'>(1),</span> <span class='ocrx_word' id='word_1_22' title='bbox 1194 363 1238 400; x_wconf 89' lang='lat' dir='ltr'>ut</span> <span class='ocrx_word' id='word_1_23' title='bbox 1251 361 1372 409; x_wconf 85' lang='lat' dir='ltr'>aiunt,</span> 
     </span>
     <span class='ocr_line' id='line_1_7' title="bbox 289 415 1224 464; baseline -0.004 -7"><span class='ocrx_word' id='word_1_24' title='bbox 289 418 470 457; x_wconf 75' lang='lat' dir='ltr'>Dentibus</span> <span class='ocrx_word' id='word_1_25' title='bbox 498 417 673 456; x_wconf 89' lang='lat' dir='ltr'>emoritur</span> <span class='ocrx_word' id='word_1_26' title='bbox 701 417 807 455; x_wconf 87' lang='lat' dir='ltr'>fusae</span> <span class='ocrx_word' id='word_1_27' title='bbox 834 428 898 464; x_wconf 88' lang='lat' dir='ltr'>per</span> <span class='ocrx_word' id='word_1_28' title='bbox 925 415 1068 454; x_wconf 87' lang='lat' dir='ltr'>viscera</span> <span class='ocrx_word' id='word_1_29' title='bbox 1095 416 1224 464; x_wconf 89' lang='lat' dir='ltr'>prolis.</span> 
     </span>
     <span class='ocr_line' id='line_1_8' title="bbox 288 468 1426 518; baseline -0.004 -8"><span class='ocrx_word' id='word_1_30' title='bbox 288 473 407 510; x_wconf 87' lang='lat' dir='ltr'>Mater</span> <span class='ocrx_word' id='word_1_31' title='bbox 434 473 549 510; x_wconf 89' lang='lat' dir='ltr'>morte</span> <span class='ocrx_word' id='word_1_32' title='bbox 576 483 660 518; x_wconf 87' lang='lat' dir='ltr'>sua,</span> <span class='ocrx_word' id='word_1_33' title='bbox 692 482 767 509; x_wconf 90' lang='lat' dir='ltr'>non</span> <span class='ocrx_word' id='word_1_34' title='bbox 795 482 898 517; x_wconf 83' lang='lat' dir='ltr'>sexu,</span> <span class='ocrx_word' id='word_1_35' title='bbox 929 469 1078 516; x_wconf 84' lang='lat' dir='ltr'>fertilis,</span> <span class='ocrx_word' id='word_1_36' title='bbox 1110 470 1176 507; x_wconf 90' lang='lat' dir='ltr'>aut</span> <span class='ocrx_word' id='word_1_37' title='bbox 1203 469 1248 507; x_wconf 91' lang='lat' dir='ltr'>de</span> <span class='ocrx_word' id='word_1_38' title='bbox 1350 468 1426 506; x_wconf 84' lang='lat'>585</span> 
     </span>
     <span class='ocr_line' id='line_1_9' title="bbox 289 522 1346 571; baseline -0.004 -7"><span class='ocrx_word' id='word_1_39' title='bbox 289 526 495 565; x_wconf 82' lang='lat' dir='ltr'>Concubitu</span> <span class='ocrx_word' id='word_1_40' title='bbox 523 525 686 563; x_wconf 88' lang='lat' dir='ltr'>distenta</span> <span class='ocrx_word' id='word_1_41' title='bbox 712 525 879 569; x_wconf 81' lang='lat' dir='ltr'>uterum3</span> <span class='ocrx_word' id='word_1_42' title='bbox 910 523 975 561; x_wconf 87' lang='lat' dir='ltr'>sed</span> <span class='ocrx_word' id='word_1_43' title='bbox 1003 535 1117 571; x_wconf 89' lang='lat' dir='ltr'>quum</span> <span class='ocrx_word' id='word_1_44' title='bbox 1144 522 1240 561; x_wconf 88' lang='lat' dir='ltr'>calet</span> <span class='ocrx_word' id='word_1_45' title='bbox 1266 522 1346 571; x_wconf 83' lang='lat' dir='ltr'>igni</span> 
     </span>
     <span class='ocr_line' id='line_1_10' title="bbox 290 576 1295 625; baseline -0.004 -7"><span class='ocrx_word' id='word_1_46' title='bbox 290 580 435 618; x_wconf 86' lang='lat' dir='ltr'>Percita</span> <span class='ocrx_word' id='word_1_47' title='bbox 461 579 656 625; x_wconf 86' lang='lat' dir='ltr'>foemineo,</span> <span class='ocrx_word' id='word_1_48' title='bbox 686 577 905 616; x_wconf 88' lang='lat' dir='ltr'>moriturum</span> <span class='ocrx_word' id='word_1_49' title='bbox 932 577 1092 615; x_wconf 88' lang='lat' dir='ltr'>obscena</span> <span class='ocrx_word' id='word_1_50' title='bbox 1119 576 1295 614; x_wconf 84' lang='lat' dir='ltr'>maritum</span> 
     </span>
     <span class='ocr_line' id='line_1_11' title="bbox 290 629 1243 681; baseline -0.005 -9"><span class='ocrx_word' id='word_1_51' title='bbox 290 635 358 672; x_wconf 87' lang='lat' dir='ltr'>Ore</span> <span class='ocrx_word' id='word_1_52' title='bbox 387 633 468 671; x_wconf 87' lang='lat' dir='ltr'>sitit</span> <span class='ocrx_word' id='word_1_53' title='bbox 493 632 640 681; x_wconf 81' lang='lat' dir='ltr'>patu103</span> <span class='ocrx_word' id='word_1_54' title='bbox 673 632 785 679; x_wconf 90' lang='lat' dir='ltr'>caput</span> <span class='ocrx_word' id='word_1_55' title='bbox 813 629 944 668; x_wconf 90' lang='lat' dir='ltr'>inserit</span> <span class='ocrx_word' id='word_1_56' title='bbox 971 630 1034 668; x_wconf 93' lang='lat' dir='ltr'>ille</span> <span class='ocrx_word' id='word_1_57' title='bbox 1062 630 1243 679; x_wconf 87' lang='lat' dir='ltr'>trilingue</span> 
     </span>
     <span class='ocr_line' id='line_1_12' title="bbox 290 683 1345 735; baseline -0.004 -10"><span class='ocrx_word' id='word_1_58' title='bbox 290 686 467 735; x_wconf 78' lang='lat' dir='ltr'>Coniugis</span> <span class='ocrx_word' id='word_1_59' title='bbox 496 686 535 724; x_wconf 93' lang='lat' dir='ltr'>in</span> <span class='ocrx_word' id='word_1_60' title='bbox 563 685 702 732; x_wconf 81' lang='lat' dir='ltr'>fauces,</span> <span class='ocrx_word' id='word_1_61' title='bbox 730 686 840 732; x_wconf 86' lang='lat' dir='ltr'>atque</span> <span class='ocrx_word' id='word_1_62' title='bbox 869 683 995 722; x_wconf 88' lang='lat' dir='ltr'>oscula</span> <span class='ocrx_word' id='word_1_63' title='bbox 1021 683 1185 722; x_wconf 87' lang='lat' dir='ltr'>fervidus</span> <span class='ocrx_word' id='word_1_64' title='bbox 1212 684 1345 730; x_wconf 86' lang='lat' dir='ltr'>intrat,</span> 
     </span>
     <span class='ocr_line' id='line_1_13' title="bbox 292 737 1428 787; baseline -0.003 -8"><span class='ocrx_word' id='word_1_65' title='bbox 292 741 494 779; x_wconf 75' lang='lat' dir='ltr'>insinuans</span> <span class='ocrx_word' id='word_1_66' title='bbox 522 739 596 778; x_wconf 87' lang='lat' dir='ltr'>oris</span> <span class='ocrx_word' id='word_1_67' title='bbox 623 739 723 777; x_wconf 88' lang='lat' dir='ltr'>coitu</span> <span class='ocrx_word' id='word_1_68' title='bbox 749 737 913 787; x_wconf 85' lang='lat' dir='ltr'>genitale</span> <span class='ocrx_word' id='word_1_69' title='bbox 942 749 1140 776; x_wconf 90' lang='lat' dir='ltr'>venenum.</span> <span class='ocrx_word' id='word_1_70' title='bbox 1352 737 1428 776; x_wconf 78' lang='lat'>590</span> 
     </span>
     <span class='ocr_line' id='line_1_14' title="bbox 291 790 1323 842; baseline -0.004 -10"><span class='ocrx_word' id='word_1_71' title='bbox 291 795 434 842; x_wconf 88' lang='lat' dir='ltr'>Nupta,</span> <span class='ocrx_word' id='word_1_72' title='bbox 464 792 668 840; x_wconf 85' lang='lat' dir='ltr'>voluptatis</span> <span class='ocrx_word' id='word_1_73' title='bbox 696 792 734 830; x_wconf 85' lang='lat' dir='ltr'>vi</span> <span class='ocrx_word' id='word_1_74' title='bbox 762 790 904 837; x_wconf 85' lang='lat' dir='ltr'>saucia,</span> <span class='ocrx_word' id='word_1_75' title='bbox 934 791 1119 829; x_wconf 88' lang='lat' dir='ltr'>mordicus</span> <span class='ocrx_word' id='word_1_76' title='bbox 1147 791 1323 829; x_wconf 85' lang='lat' dir='ltr'>haustum</span> 
     </span>
     <span class='ocr_line' id='line_1_15' title="bbox 291 844 1299 896; baseline -0.003 -11"><span class='ocrx_word' id='word_1_77' title='bbox 291 847 449 896; x_wconf 76' lang='lat' dir='ltr'>Frangit</span> <span class='ocrx_word' id='word_1_78' title='bbox 475 845 652 884; x_wconf 83' lang='lat' dir='ltr'>amatoris</span> <span class='ocrx_word' id='word_1_79' title='bbox 679 846 818 884; x_wconf 86' lang='lat' dir='ltr'>blanda</span> <span class='ocrx_word' id='word_1_80' title='bbox 846 844 944 882; x_wconf 88' lang='lat' dir='ltr'>inter</span> <span class='ocrx_word' id='word_1_81' title='bbox 971 844 1118 883; x_wconf 81' lang='lat' dir='ltr'>foedera</span> <span class='ocrx_word' id='word_1_82' title='bbox 1145 846 1299 893; x_wconf 81' lang='lat' dir='ltr'>guttur3</span> 
     </span>
     <span class='ocr_line' id='line_1_16' title="bbox 291 898 1169 949; baseline -0.002 -10"><span class='ocrx_word' id='word_1_83' title='bbox 291 901 514 949; x_wconf 77' lang='lat' dir='ltr'>infusasque</span> <span class='ocrx_word' id='word_1_84' title='bbox 542 899 651 946; x_wconf 85' lang='lat' dir='ltr'>bibit,</span> <span class='ocrx_word' id='word_1_85' title='bbox 681 911 765 938; x_wconf 83' lang='lat' dir='ltr'>caro</span> <span class='ocrx_word' id='word_1_86' title='bbox 792 898 984 947; x_wconf 89' lang='lat' dir='ltr'>pereunte,</span> <span class='ocrx_word' id='word_1_87' title='bbox 1014 898 1169 937; x_wconf 78' lang='lat' dir='ltr'>salivas,</span> 
     </span>
     <span class='ocr_line' id='line_1_17' title="bbox 291 950 1304 1002; baseline -0.004 -10"><span class='ocrx_word' id='word_1_88' title='bbox 291 955 362 992; x_wconf 88' lang='lat' dir='ltr'>His</span> <span class='ocrx_word' id='word_1_89' title='bbox 389 955 496 1002; x_wconf 86' lang='lat' dir='ltr'>pater</span> <span class='ocrx_word' id='word_1_90' title='bbox 521 953 716 991; x_wconf 86' lang='lat' dir='ltr'>inlecebris</span> <span class='ocrx_word' id='word_1_91' title='bbox 744 951 989 999; x_wconf 88' lang='lat' dir='ltr'>consumitur,</span> <span class='ocrx_word' id='word_1_92' title='bbox 1020 953 1060 990; x_wconf 88' lang='lat' dir='ltr'>at</span> <span class='ocrx_word' id='word_1_93' title='bbox 1086 950 1304 1000; x_wconf 85' lang='lat' dir='ltr'>genitricem</span> 
     </span>
     <span class='ocr_line' id='line_1_18' title="bbox 291 1004 1426 1053; baseline -0.004 -7"><span class='ocrx_word' id='word_1_94' title='bbox 291 1009 426 1046; x_wconf 85' lang='lat' dir='ltr'>Clausa</span> <span class='ocrx_word' id='word_1_95' title='bbox 440 1009 549 1046; x_wconf 86' lang='lat' dir='ltr'>necat</span> <span class='ocrx_word' id='word_1_96' title='bbox 560 1006 727 1044; x_wconf 84' lang='lat' dir='ltr'>soboles:</span> <span class='ocrx_word' id='word_1_97' title='bbox 746 1018 834 1044; x_wconf 91' lang='lat' dir='ltr'>nam</span> <span class='ocrx_word' id='word_1_98' title='bbox 841 1006 1038 1053; x_wconf 88' lang='lat' dir='ltr'>postquam</span> <span class='ocrx_word' id='word_1_99' title='bbox 1053 1005 1192 1043; x_wconf 88' lang='lat' dir='ltr'>semine</span> <span class='ocrx_word' id='word_1_100' title='bbox 1205 1004 1333 1042; x_wconf 90' lang='lat' dir='ltr'>adulto</span> <span class='ocrx_word' id='word_1_101' title='bbox 1349 1004 1426 1041; x_wconf 83' lang='lat'>595</span> 
     </span>
     <span class='ocr_line' id='line_1_19' title="bbox 292 1058 1217 1110; baseline -0.003 -11"><span class='ocrx_word' id='word_1_102' title='bbox 292 1061 486 1110; x_wconf 86' lang='lat' dir='ltr'>Incipiunt</span> <span class='ocrx_word' id='word_1_103' title='bbox 513 1060 645 1099; x_wconf 87' lang='lat' dir='ltr'>calidis</span> <span class='ocrx_word' id='word_1_104' title='bbox 673 1058 891 1108; x_wconf 87' lang='lat' dir='ltr'>corpuscula</span> <span class='ocrx_word' id='word_1_105' title='bbox 917 1070 1034 1106; x_wconf 84' lang='lat' dir='ltr'>parva</span> <span class='ocrx_word' id='word_1_106' title='bbox 1062 1058 1217 1097; x_wconf 87' lang='lat' dir='ltr'>latebris</span> 
     </span>
     <span class='ocr_line' id='line_1_20' title="bbox 284 1111 1248 1162; baseline -0.004 -9"><span class='ocrx_word' id='word_1_107' title='bbox 284 1116 461 1162; x_wconf 84' lang='lat' dir='ltr'>&#39;Serpere,</span> <span class='ocrx_word' id='word_1_108' title='bbox 493 1115 744 1162; x_wconf 86' lang='lat' dir='ltr'>motatumque</span> <span class='ocrx_word' id='word_1_109' title='bbox 771 1114 916 1151; x_wconf 88' lang='lat' dir='ltr'>uterum</span> <span class='ocrx_word' id='word_1_110' title='bbox 943 1112 1090 1150; x_wconf 86' lang='lat' dir='ltr'>vibrata</span> <span class='ocrx_word' id='word_1_111' title='bbox 1110 1111 1248 1158; x_wconf 71' lang='lat' dir='ltr'>ferire,</span> 
     </span>
     <span class='ocr_line' id='line_1_21' title="bbox 292 1165 1145 1214; baseline -0.004 -8"><span class='ocrx_word' id='word_1_112' title='bbox 292 1169 449 1206; x_wconf 83' lang='lat' dir='ltr'>Aestuat</span> <span class='ocrx_word' id='word_1_113' title='bbox 476 1167 622 1205; x_wconf 87' lang='lat' dir='ltr'>interno</span> <span class='ocrx_word' id='word_1_114' title='bbox 651 1166 803 1214; x_wconf 85' lang='lat' dir='ltr'>pietatis</span> <span class='ocrx_word' id='word_1_115' title='bbox 831 1165 984 1205; x_wconf 90' lang='lat' dir='ltr'>crimine</span> <span class='ocrx_word' id='word_1_116' title='bbox 1013 1167 1145 1212; x_wconf 81' lang='lat' dir='ltr'>mater,</span> 
     </span>
     <span class='ocr_line' id='line_1_22' title="bbox 293 1219 1246 1269; baseline -0.003 -10"><span class='ocrx_word' id='word_1_117' title='bbox 293 1221 581 1269; x_wconf 83' lang='lat' dir='ltr'>Carnificemque</span> <span class='ocrx_word' id='word_1_118' title='bbox 609 1220 725 1269; x_wconf 84' lang='lat' dir='ltr'>gemit</span> <span class='ocrx_word' id='word_1_119' title='bbox 752 1220 921 1258; x_wconf 85' lang='lat' dir='ltr'>damnati</span> <span class='ocrx_word' id='word_1_120' title='bbox 947 1219 1096 1258; x_wconf 88' lang='lat' dir='ltr'>conscia</span> <span class='ocrx_word' id='word_1_121' title='bbox 1124 1230 1246 1266; x_wconf 87' lang='lat' dir='ltr'>sexus,</span> 
     </span>
     <span class='ocr_line' id='line_1_23' title="bbox 293 1272 1431 1323; baseline -0.003 -10"><span class='ocrx_word' id='word_1_122' title='bbox 293 1275 525 1323; x_wconf 81' lang='lat' dir='ltr'>Progeniem,</span> <span class='ocrx_word' id='word_1_123' title='bbox 555 1273 675 1322; x_wconf 86' lang='lat' dir='ltr'>saepti</span> <span class='ocrx_word' id='word_1_124' title='bbox 702 1275 931 1322; x_wconf 89' lang='lat' dir='ltr'>rumpentem</span> <span class='ocrx_word' id='word_1_125' title='bbox 959 1273 1152 1311; x_wconf 85' lang='lat' dir='ltr'>obstacula</span> <span class='ocrx_word' id='word_1_126' title='bbox 1178 1274 1322 1320; x_wconf 87' lang='lat' dir='ltr'>partus.</span> <span class='ocrx_word' id='word_1_127' title='bbox 1354 1272 1431 1310; x_wconf 90' lang='grc'>600</span> 
     </span>
     <span class='ocr_line' id='line_1_24' title="bbox 292 1325 1323 1376; baseline -0.004 -9"><span class='ocrx_word' id='word_1_128' title='bbox 292 1330 407 1375; x_wconf 89' lang='lat' dir='ltr'>Nam,</span> <span class='ocrx_word' id='word_1_129' title='bbox 438 1328 526 1376; x_wconf 86' lang='lat' dir='ltr'>quia</span> <span class='ocrx_word' id='word_1_130' title='bbox 554 1327 733 1366; x_wconf 86' lang='lat' dir='ltr'>nascendi</span> <span class='ocrx_word' id='word_1_131' title='bbox 761 1327 888 1365; x_wconf 87' lang='lat' dir='ltr'>nullus</span> <span class='ocrx_word' id='word_1_132' title='bbox 917 1327 1021 1374; x_wconf 84' lang='lat' dir='ltr'>patet</span> <span class='ocrx_word' id='word_1_133' title='bbox 1048 1326 1183 1372; x_wconf 82' lang='lat' dir='ltr'>exitus,</span> <span class='ocrx_word' id='word_1_134' title='bbox 1214 1325 1323 1364; x_wconf 84' lang='lat' dir='ltr'>alvus</span> 
     </span>
     <span class='ocr_line' id='line_1_25' title="bbox 293 1380 1130 1420; baseline -0.002 0"><span class='ocrx_word' id='word_1_135' title='bbox 293 1382 444 1420; x_wconf 83' lang='lat' dir='ltr'>Fetibus</span> <span class='ocrx_word' id='word_1_136' title='bbox 472 1382 511 1419; x_wconf 91' lang='lat' dir='ltr'>in</span> <span class='ocrx_word' id='word_1_137' title='bbox 538 1381 657 1419; x_wconf 87' lang='lat' dir='ltr'>lucem</span> <span class='ocrx_word' id='word_1_138' title='bbox 685 1380 892 1419; x_wconf 88' lang='lat' dir='ltr'>nitentibus</span> <span class='ocrx_word' id='word_1_139' title='bbox 920 1380 1130 1419; x_wconf 76' lang='lat' dir='ltr'>excruciata</span> 
     </span>
     <span class='ocr_line' id='line_1_26' title="bbox 292 1432 1301 1483; baseline -0.001 -10"><span class='ocrx_word' id='word_1_140' title='bbox 292 1435 478 1483; x_wconf 87' lang='lat' dir='ltr'>Carpitur,</span> <span class='ocrx_word' id='word_1_141' title='bbox 509 1435 619 1483; x_wconf 88' lang='lat' dir='ltr'>atque</span> <span class='ocrx_word' id='word_1_142' title='bbox 647 1435 747 1473; x_wconf 86' lang='lat' dir='ltr'>viam</span> <span class='ocrx_word' id='word_1_143' title='bbox 774 1435 940 1472; x_wconf 86' lang='lat' dir='ltr'>lacerata</span> <span class='ocrx_word' id='word_1_144' title='bbox 967 1445 1031 1482; x_wconf 89' lang='lat' dir='ltr'>per</span> <span class='ocrx_word' id='word_1_145' title='bbox 1059 1433 1126 1476; x_wconf 84' lang='lat' dir='ltr'>ilia</span> <span class='ocrx_word' id='word_1_146' title='bbox 1154 1432 1301 1480; x_wconf 83' lang='lat' dir='ltr'>pandit.</span> 
     </span>
     <span class='ocr_line' id='line_1_27' title="bbox 292 1485 1412 1536; baseline -0.003 -9"><span class='ocrx_word' id='word_1_147' title='bbox 292 1489 456 1527; x_wconf 83' lang='lat' dir='ltr'>Tandem</span> <span class='ocrx_word' id='word_1_148' title='bbox 483 1488 585 1526; x_wconf 89' lang='lat' dir='ltr'>obitu</span> <span class='ocrx_word' id='word_1_149' title='bbox 613 1487 755 1532; x_wconf 86' lang='lat' dir='ltr'>altricis</span> <span class='ocrx_word' id='word_1_150' title='bbox 781 1487 906 1536; x_wconf 88' lang='lat' dir='ltr'>prodit</span> <span class='ocrx_word' id='word_1_151' title='bbox 932 1499 1021 1536; x_wconf 84' lang='lat' dir='ltr'>grex</span> <span class='ocrx_word' id='word_1_152' title='bbox 1049 1487 1111 1525; x_wconf 89' lang='lat' dir='ltr'>ille</span> <span class='ocrx_word' id='word_1_153' title='bbox 1141 1487 1307 1525; x_wconf 89' lang='lat' dir='ltr'>dolorum</span> <span class='ocrx_word' id='word_1_154' title='bbox 1335 1485 1412 1534; x_wconf 79' lang='lat'><strong>(2).</strong></span> 
     </span>
     <span class='ocr_line' id='line_1_28' title="bbox 292 1539 1429 1591; baseline -0.002 -11"><span class='ocrx_word' id='word_1_155' title='bbox 292 1544 510 1591; x_wconf 83' lang='lat' dir='ltr'>Ingressum</span> <span class='ocrx_word' id='word_1_156' title='bbox 535 1541 633 1580; x_wconf 86' lang='lat' dir='ltr'>vitae</span> <span class='ocrx_word' id='word_1_157' title='bbox 661 1541 723 1580; x_wconf 84' lang='lat' dir='ltr'>vix</span> <span class='ocrx_word' id='word_1_158' title='bbox 750 1541 949 1588; x_wconf 83' lang='lat' dir='ltr'>eluctatus,</span> <span class='ocrx_word' id='word_1_159' title='bbox 980 1542 1017 1579; x_wconf 93' lang='lat' dir='ltr'>et</span> <span class='ocrx_word' id='word_1_160' title='bbox 1044 1542 1166 1579; x_wconf 88' lang='lat' dir='ltr'>ortum</span> <span class='ocrx_word' id='word_1_161' title='bbox 1350 1539 1429 1578; x_wconf 89' lang='grc'>605</span> 
     </span>
     <span class='ocr_line' id='line_1_29' title="bbox 294 1593 1326 1643; baseline -0.003 -9"><span class='ocrx_word' id='word_1_162' title='bbox 294 1598 364 1634; x_wconf 91' lang='lat' dir='ltr'>Per</span> <span class='ocrx_word' id='word_1_163' title='bbox 390 1596 510 1634; x_wconf 87' lang='lat' dir='ltr'>scelus</span> <span class='ocrx_word' id='word_1_164' title='bbox 537 1595 768 1643; x_wconf 83' lang='lat' dir='ltr'>exsculpens.</span> <span class='ocrx_word' id='word_1_165' title='bbox 799 1595 988 1633; x_wconf 81' lang='lat' dir='ltr'>Lambunt</span> <span class='ocrx_word' id='word_1_166' title='bbox 1014 1594 1139 1632; x_wconf 85' lang='lat' dir='ltr'>natale</span> <span class='ocrx_word' id='word_1_167' title='bbox 1167 1593 1326 1632; x_wconf 86' lang='lat' dir='ltr'>cadaver</span> 
     </span>
     <span class='ocr_line' id='line_1_30' title="bbox 294 1648 1268 1698; baseline -0.002 -10"><span class='ocrx_word' id='word_1_168' title='bbox 294 1650 496 1698; x_wconf 86' lang='lat' dir='ltr'>Reptantes</span> <span class='ocrx_word' id='word_1_169' title='bbox 524 1648 653 1696; x_wconf 87' lang='lat' dir='ltr'>catuli,</span> <span class='ocrx_word' id='word_1_170' title='bbox 683 1648 805 1696; x_wconf 89' lang='lat' dir='ltr'>proles</span> <span class='ocrx_word' id='word_1_171' title='bbox 834 1649 921 1687; x_wconf 89' lang='lat' dir='ltr'>dum</span> <span class='ocrx_word' id='word_1_172' title='bbox 949 1648 1128 1695; x_wconf 85' lang='lat' dir='ltr'>nascitur,</span> <span class='ocrx_word' id='word_1_173' title='bbox 1156 1648 1268 1694; x_wconf 82' lang='lat' dir='ltr'>orba3</span> 
     </span>
    </p>
   </div>
   <div class='ocr_carea' id='block_1_6' title="bbox 297 1763 1436 2178">
    <p class='ocr_par' dir='ltr' id='par_1_6' title="bbox 297 1763 1436 2137">
     <span class='ocr_line' id='line_1_31' title="bbox 354 1763 1434 1805; baseline -0.001 -10"><span class='ocrx_word' id='word_1_174' title='bbox 354 1765 409 1805; x_wconf 80' lang='lat' dir='ltr'>-(l)</span> <span class='ocrx_word' id='word_1_175' title='bbox 439 1766 491 1795; x_wconf 75' lang='lat' dir='ltr'>Sic</span> <span class='ocrx_word' id='word_1_176' title='bbox 513 1766 639 1804; x_wconf 74' lang='lat' dir='ltr'>vipera,</span> <span class='ocrx_word' id='word_1_177' title='bbox 662 1768 704 1795; x_wconf 73' lang='lat' dir='ltr'>ut</span> <span class='ocrx_word' id='word_1_178' title='bbox 724 1766 834 1795; x_wconf 78' lang='lat' dir='ltr'>aiunt.</span> <span class='ocrx_word' id='word_1_179' title='bbox 860 1765 971 1796; x_wconf 81' lang='lat' dir='ltr'>Noster</span> <span class='ocrx_word' id='word_1_180' title='bbox 986 1764 1023 1794; x_wconf 87' lang='lat' dir='ltr'>de</span> <span class='ocrx_word' id='word_1_181' title='bbox 1038 1764 1153 1802; x_wconf 83' lang='lat' dir='ltr'>viperis</span> <span class='ocrx_word' id='word_1_182' title='bbox 1168 1773 1205 1794; x_wconf 80' lang='lat' dir='ltr'>ea</span> <span class='ocrx_word' id='word_1_183' title='bbox 1219 1763 1338 1799; x_wconf 78' lang='lat' dir='ltr'>tradit,</span> <span class='ocrx_word' id='word_1_184' title='bbox 1356 1771 1434 1800; x_wconf 79' lang='lat' dir='ltr'>quae</span> 
     </span>
     <span class='ocr_line' id='line_1_32' title="bbox 297 1805 1434 1845; baseline -0.002 -8"><span class='ocrx_word' id='word_1_185' title='bbox 297 1808 330 1837; x_wconf 85' lang='lat' dir='ltr'>iu</span> <span class='ocrx_word' id='word_1_186' title='bbox 352 1808 520 1837; x_wconf 69' lang='lat' dir='ltr'>Emonoro</span> <span class='ocrx_word' id='word_1_187' title='bbox 550 1807 640 1845; x_wconf 84' lang='lat' dir='ltr'>(Tal.</span> <span class='ocrx_word' id='word_1_188' title='bbox 663 1807 721 1843; x_wconf 82' lang='lat'>111,</span> <span class='ocrx_word' id='word_1_189' title='bbox 744 1807 795 1845; x_wconf 85' lang='lat'>9),</span> <span class='ocrx_word' id='word_1_190' title='bbox 826 1807 936 1837; x_wconf 74' lang='lat' dir='ltr'>Pmuo</span> <span class='ocrx_word' id='word_1_191' title='bbox 966 1806 1091 1836; x_wconf 53' lang='lat' dir='ltr'>Mimas</span> <span class='ocrx_word' id='word_1_192' title='bbox 1120 1806 1173 1844; x_wconf 88' lang='lat' dir='ltr'>(X,</span> <span class='ocrx_word' id='word_1_193' title='bbox 1197 1814 1226 1835; x_wconf 84' lang='lat' dir='ltr'>c.</span> <span class='ocrx_word' id='word_1_194' title='bbox 1250 1805 1343 1844; x_wconf 73' lang='lat' dir='ltr'>Lxu),</span> <span class='ocrx_word' id='word_1_195' title='bbox 1371 1805 1434 1835; x_wconf 72' lang='lat' dir='ltr'>An-</span> 
     </span>
     <span class='ocr_line' id='line_1_33' title="bbox 298 1846 1433 1887; baseline -0.002 -9"><span class='ocrx_word' id='word_1_196' title='bbox 298 1857 390 1879; x_wconf 43' lang='lat' dir='ltr'>111AN0</span> <span class='ocrx_word' id='word_1_197' title='bbox 415 1849 516 1887; x_wconf 74' lang='lat' dir='ltr'>(Hist.</span> <span class='ocrx_word' id='word_1_198' title='bbox 540 1848 680 1879; x_wconf 79' lang='lat' dir='ltr'>animal.</span> <span class='ocrx_word' id='word_1_199' title='bbox 704 1849 728 1883; x_wconf 92' lang='lat' dir='ltr'>I,</span> <span class='ocrx_word' id='word_1_200' title='bbox 751 1847 873 1886; x_wconf 78' lang='lat' dir='ltr'>xxxiv),</span> <span class='ocrx_word' id='word_1_201' title='bbox 898 1856 1035 1884; x_wconf 82' lang='lat' dir='ltr'>quaeque</span> <span class='ocrx_word' id='word_1_202' title='bbox 1058 1847 1090 1876; x_wconf 88' lang='lat' dir='ltr'>in</span> <span class='ocrx_word' id='word_1_203' title='bbox 1113 1848 1180 1886; x_wconf 86' lang='lat' dir='ltr'>ipso</span> <span class='ocrx_word' id='word_1_204' title='bbox 1205 1846 1237 1877; x_wconf 92' lang='lat' dir='ltr'>S.</span> <span class='ocrx_word' id='word_1_205' title='bbox 1261 1847 1433 1877; x_wconf 73' lang='lat' dir='ltr'>Bsmunno</span> 
     </span>
     <span class='ocr_line' id='line_1_34' title="bbox 297 1888 1435 1928; baseline -0.003 -7"><span class='ocrx_word' id='word_1_206' title='bbox 297 1891 408 1928; x_wconf 60' lang='lat' dir='ltr'>(Sarni.</span> <span class='ocrx_word' id='word_1_207' title='bbox 433 1891 504 1921; x_wconf 77' lang='lat' dir='ltr'>Fer.</span> <span class='ocrx_word' id='word_1_208' title='bbox 529 1890 568 1920; x_wconf 91' lang='lat' dir='ltr'>IV</span> <span class='ocrx_word' id='word_1_209' title='bbox 591 1890 689 1920; x_wconf 79' lang='lat' dir='ltr'>Hebd.</span> <span class='ocrx_word' id='word_1_210' title='bbox 712 1889 846 1920; x_wconf 76' lang='lat' dir='ltr'>Sanctae</span> <span class='ocrx_word' id='word_1_211' title='bbox 867 1889 885 1927; x_wconf 67' lang='grc' dir='ltr'><em>ξ</em></span> <span class='ocrx_word' id='word_1_212' title='bbox 907 1889 960 1927; x_wconf 85' lang='lat' dir='ltr'>VI)</span> <span class='ocrx_word' id='word_1_213' title='bbox 990 1889 1130 1926; x_wconf 78' lang='lat' dir='ltr'>legimus.</span> <span class='ocrx_word' id='word_1_214' title='bbox 1154 1888 1213 1919; x_wconf 86' lang='lat' dir='ltr'>Sed</span> <span class='ocrx_word' id='word_1_215' title='bbox 1245 1890 1394 1925; x_wconf 67' lang='lat' dir='ltr'>quantum</span> <span class='ocrx_word' id='word_1_216' title='bbox 1415 1896 1435 1918; x_wconf 73' lang='lat' dir='ltr'>a</span> 
     </span>
     <span class='ocr_line' id='line_1_35' title="bbox 298 1930 1434 1969; baseline -0.001 -8"><span class='ocrx_word' id='word_1_217' title='bbox 298 1933 429 1962; x_wconf 75' lang='lat' dir='ltr'>veritate</span> <span class='ocrx_word' id='word_1_218' title='bbox 450 1932 624 1962; x_wconf 77' lang='lat' dir='ltr'>erraverint</span> <span class='ocrx_word' id='word_1_219' title='bbox 646 1933 763 1962; x_wconf 79' lang='lat' dir='ltr'>veteres</span> <span class='ocrx_word' id='word_1_220' title='bbox 780 1931 816 1961; x_wconf 86' lang='lat' dir='ltr'>de</span> <span class='ocrx_word' id='word_1_221' title='bbox 838 1933 1016 1969; x_wconf 82' lang='lat' dir='ltr'>serpentum</span> <span class='ocrx_word' id='word_1_222' title='bbox 1038 1932 1150 1960; x_wconf 82' lang='lat' dir='ltr'>natura</span> <span class='ocrx_word' id='word_1_223' title='bbox 1165 1931 1197 1960; x_wconf 87' lang='lat' dir='ltr'>et</span> <span class='ocrx_word' id='word_1_224' title='bbox 1208 1930 1324 1967; x_wconf 74' lang='lat' dir='ltr'>genesi,</span> <span class='ocrx_word' id='word_1_225' title='bbox 1345 1937 1434 1960; x_wconf 84' lang='lat' dir='ltr'>nemo</span> 
     </span>
     <span class='ocr_line' id='line_1_36' title="bbox 298 1972 1436 2010; baseline 0 -8"><span class='ocrx_word' id='word_1_226' title='bbox 298 1974 435 2004; x_wconf 83' lang='lat' dir='ltr'>omnium</span> <span class='ocrx_word' id='word_1_227' title='bbox 460 1975 595 2010; x_wconf 78' lang='lat' dir='ltr'>ignorat,</span> <span class='ocrx_word' id='word_1_228' title='bbox 613 1974 665 2010; x_wconf 85' lang='lat' dir='ltr'>qui</span> <span class='ocrx_word' id='word_1_229' title='bbox 680 1973 821 2003; x_wconf 72' lang='lat' dir='ltr'>nonnihil</span> <span class='ocrx_word' id='word_1_230' title='bbox 837 1973 868 2002; x_wconf 89' lang='lat' dir='ltr'>in</span> <span class='ocrx_word' id='word_1_231' title='bbox 884 1973 1015 2002; x_wconf 81' lang='lat' dir='ltr'>scientia</span> <span class='ocrx_word' id='word_1_232' title='bbox 1030 1973 1074 2002; x_wconf 79' lang='lat' dir='ltr'>sit</span> <span class='ocrx_word' id='word_1_233' title='bbox 1088 1972 1242 2008; x_wconf 76' lang='lat' dir='ltr'>versatus,</span> <span class='ocrx_word' id='word_1_234' title='bbox 1266 1972 1315 2002; x_wconf 85' lang='lat' dir='ltr'>cui</span> <span class='ocrx_word' id='word_1_235' title='bbox 1338 1979 1355 2002; x_wconf 89' lang='lat' dir='ltr'>a</span> <span class='ocrx_word' id='word_1_236' title='bbox 1370 1979 1436 2002; x_wconf 82' lang='lat' dir='ltr'>zoo-</span> 
     </span>
     <span class='ocr_line' id='line_1_37' title="bbox 298 2012 1434 2051; baseline -0.002 -7"><span class='ocrx_word' id='word_1_237' title='bbox 298 2015 378 2051; x_wconf 79' lang='lat' dir='ltr'>logia</span> <span class='ocrx_word' id='word_1_238' title='bbox 399 2024 508 2045; x_wconf 83' lang='lat' dir='ltr'>nomen</span> <span class='ocrx_word' id='word_1_239' title='bbox 529 2016 578 2045; x_wconf 77' lang='lat' dir='ltr'>est</span> <span class='ocrx_word' id='word_1_240' title='bbox 595 2015 722 2045; x_wconf 78' lang='lat' dir='ltr'>factum.</span> <span class='ocrx_word' id='word_1_241' title='bbox 740 2014 816 2044; x_wconf 86' lang='lat' dir='ltr'>Vide</span> <span class='ocrx_word' id='word_1_242' title='bbox 830 2015 873 2044; x_wconf 86' lang='lat' dir='ltr'>sis</span> <span class='ocrx_word' id='word_1_243' title='bbox 889 2014 925 2044; x_wconf 86' lang='lat' dir='ltr'>de</span> <span class='ocrx_word' id='word_1_244' title='bbox 940 2014 999 2044; x_wconf 79' lang='lat' dir='ltr'>hac</span> <span class='ocrx_word' id='word_1_245' title='bbox 1021 2023 1053 2044; x_wconf 87' lang='lat' dir='ltr'>re</span> <span class='ocrx_word' id='word_1_246' title='bbox 1075 2013 1137 2045; x_wconf 83' lang='lat' dir='ltr'>los.</span> <span class='ocrx_word' id='word_1_247' title='bbox 1162 2014 1248 2044; x_wconf 58' lang='lat' dir='ltr'>Gemi</span> <span class='ocrx_word' id='word_1_248' title='bbox 1276 2012 1434 2043; x_wconf 79' lang='lat' dir='ltr'>ticinensis</span> 
     </span>
     <span class='ocr_line' id='line_1_38' title="bbox 299 2055 1430 2095; baseline -0.002 -9"><span class='ocrx_word' id='word_1_249' title='bbox 299 2066 388 2093; x_wconf 82' lang='lat' dir='ltr'>opus:</span> <span class='ocrx_word' id='word_1_250' title='bbox 405 2058 467 2086; x_wconf 80' lang='lat' dir='ltr'>Dei</span> <span class='ocrx_word' id='word_1_251' title='bbox 484 2057 679 2095; x_wconf 68' lang='lat' dir='ltr'>Preyiuslizi</span> <span class='ocrx_word' id='word_1_252' title='bbox 695 2056 850 2095; x_wconf 75' lang='lat' dir='ltr'>popolari</span> <span class='ocrx_word' id='word_1_253' title='bbox 875 2056 1007 2086; x_wconf 78' lang='lat' dir='ltr'>intorno</span> <span class='ocrx_word' id='word_1_254' title='bbox 1034 2056 1105 2093; x_wconf 75' lang='lat' dir='ltr'>ayli</span> <span class='ocrx_word' id='word_1_255' title='bbox 1126 2055 1280 2086; x_wconf 74' lang='lat' dir='ltr'>animali.</span> <span class='ocrx_word' id='word_1_256' title='bbox 1298 2055 1430 2091; x_wconf 77' lang='lat' dir='ltr'>Tor-ino,</span> 
     </span>
     <span class='ocr_line' id='line_1_39' title="bbox 303 2096 1111 2137; baseline 0.001 -10"><span class='ocrx_word' id='word_1_257' title='bbox 303 2099 377 2137; x_wconf 70' lang='lat' dir='ltr'>sl&#39;ip.</span> <span class='ocrx_word' id='word_1_258' title='bbox 400 2099 538 2128; x_wconf 61' lang='lat' dir='ltr'>Fer-rere</span> <span class='ocrx_word' id='word_1_259' title='bbox 559 2109 575 2128; x_wconf 79' lang='lat' dir='ltr'>e</span> <span class='ocrx_word' id='word_1_260' title='bbox 598 2098 735 2134; x_wconf 81' lang='lat' dir='ltr'>Franco,</span> <span class='ocrx_word' id='word_1_261' title='bbox 761 2096 852 2134; x_wconf 84' lang='lat'>1853,</span> <span class='ocrx_word' id='word_1_262' title='bbox 876 2106 906 2135; x_wconf 89' lang='lat' dir='ltr'>p.</span> <span class='ocrx_word' id='word_1_263' title='bbox 931 2099 948 2128; x_wconf 83' lang='lat'><strong>7</strong></span> <span class='ocrx_word' id='word_1_264' title='bbox 971 2098 1004 2127; x_wconf 87' lang='lat' dir='ltr'>et</span> <span class='ocrx_word' id='word_1_265' title='bbox 1025 2106 1111 2135; x_wconf 82' lang='lat' dir='ltr'>seqq.</span> 
     </span>
    </p>

    <p class='ocr_par' dir='ltr' id='par_1_7' title="bbox 365 2139 1142 2178">
     <span class='ocr_line' id='line_1_40' title="bbox 365 2139 1142 2178; baseline 0 -10"><span class='ocrx_word' id='word_1_266' title='bbox 365 2140 409 2178; x_wconf 79' lang='lat'>(2)</span> <span class='ocrx_word' id='word_1_267' title='bbox 428 2149 511 2178; x_wconf 63' lang='lat' dir='ltr'>(fret</span> <span class='ocrx_word' id='word_1_268' title='bbox 535 2141 590 2170; x_wconf 79' lang='lat' dir='ltr'>ille</span> <span class='ocrx_word' id='word_1_269' title='bbox 611 2141 757 2170; x_wconf 83' lang='lat' dir='ltr'>dolorum</span> <span class='ocrx_word' id='word_1_270' title='bbox 795 2139 897 2170; x_wconf 89' lang='lat' dir='ltr'>Dictio</span> <span class='ocrx_word' id='word_1_271' title='bbox 918 2147 1009 2169; x_wconf 75' lang='lat' dir='ltr'>sensu</span> <span class='ocrx_word' id='word_1_272' title='bbox 1032 2140 1142 2170; x_wconf 78' lang='lat' dir='ltr'>tincta.</span> 
     </span>
    </p>
   </div>
  </div>
 </body>
</html>
