1566 2482
275 141 352 184 266
645 153 799 187 Avnm1
826 154 1032 187 Pavonum-11
1058 166 1061 167 ν

329 265 408 303 Nec
435 265 580 313 metuit,
609 277 657 304 ne
683 266 901 315 congestum
927 266 1122 316 populetur
1148 275 1320 306 acervum

331 319 500 358 Curculio
529 318 605 368 (1),
633 319 692 358 vel
719 319 830 368 nigra
856 320 960 359 cavis
986 319 1142 359 formica
1167 320 1359 359 recondat.

330 373 424 411 Sunt
442 373 479 410 et
496 372 718 421 Virginibus
736 373 985 421 pulcherrima
1003 374 1168 422 praemia
1183 374 1243 423 (2)
1257 374 1409 422 nostris,

328 427 378 464 Et
403 426 535 474 pudor,
566 427 603 464 et
630 427 760 466 saneto
786 427 907 466 tectus
934 427 1117 466 velamine
1143 427 1284 475 vultus,
1308 427 1411 467 1055

329 480 379 517 Et
404 479 575 527 privatus
602 479 735 528 honos,
765 492 833 519 nec
859 483 949 520 nota
976 482 1012 519 et
1038 480 1189 529 publica
1216 481 1348 529 forma,

327 533 378 571 Et
404 544 509 571 rarae
536 534 738 582 tenuesque
764 534 910 582 epulae,
932 535 969 572 et
987 546 1092 573 mens
1112 533 1236 573 sobria
1254 546 1411 584 semper,

329 586 475 634 Lexque
502 586 716 635 pudicitiae,
745 587 845 626 vitae
872 599 956 626 cum
983 589 1072 636 fine,
1088 589 1252 636 peracta.

329 639 429 678 Hinc
458 639 577 678 decies
605 640 692 679 deni
718 641 940 689 rediguntur
958 641 999 679 in
1018 642 1150 680 horrea
1167 641 1311 680 fructus
1332 640 1411 691 (3),

330 693 473 731 Horrea
499 694 682 732 nocturno
709 705 785 733 non
811 706 988 743 umquam
1015 695 1173 734 obnoxia
1200 695 1289 734 furi,
1307 693 1412 733 1060

328 747 429 784 Nam
456 747 600 785 caelum
626 747 687 786 fur
719 747 846 786 nullus
879 748 974 795 adit,
1004 748 1179 787 caelestia
1211 759 1414 796 numquam

329 800 474 838 Fraude
500 800 761 849 resignantur:
793 800 897 840 fraus
924 801 1033 840 terris
1061 801 1223 840 volvitur
1249 802 1349 840 imis.

330 854 430 904 Quae
457 865 558 892 nunc
585 854 748 893 Vestalis
776 854 827 893 sit
853 855 1085 904 virginitatis
1112 855 1304 903 honestas,

330 906 553 955 Discutiam‚
584 920 658 956 qua
684 908 766 956 lege
793 909 902 957 regat
929 909 1039 947 decus
1067 919 1172 947 omne
1199 907 1367 956 pudoris.

328 961 387 1010 'Ac
404 961 563 1010 primum
589 973 726 1010 parvae
744 962 883 1001 teneris
910 962 1108 1011 capiuntur
1126 962 1167 1001 in
1194 961 1307 1067 anni?
1335 960 1412 1011 (4),

339 1133 384 1172 (1)
409 1133 579 1163 Curculio.
602 1133 795 1164 Vermiculus
816 1133 1040 1164 frumentorum
1056 1142 1157 1171 grana
1171 1133 1203 1163 in
1217 1133 1336 1163 horreis
1350 1142 1416 1163 cor·

277 1175 397 1206 rodenS.
422 1175 486 1206 Nos
505 1175 584 1205 Itali
605 1176 731 1205 tonchio
763 1175 915 1210 dicimus;
940 1176 1020 1205 unde
1039 1184 1160 1213 ymno,
1184 1184 1202 1204 ο
1237 1175 1351 1213 seyala
1378 1176 1416 1205 in

277 1217 455 1247 tonchiata.

340 1257 386 1297 (2)
406 1259 487 1287 sunt
508 1260 538 1287 et
563 1257 756 1296 Viryinibus
771 1258 1003 1296 pulcherrima
1018 1258 1185 1297 praemia.
1208 1257 1356 1288 Praestat
1383 1258 1415 1287 in

277 1299 334 1329 hoc
357 1301 539 1336 argumento
560 1300 646 1329 adire
668 1308 745 1336 quae
759 1299 798 1330 D.
823 1300 860 1332 D.
883 1300 921 1329 D.
945 1298 1178 1336 Valentiniano,
1201 1299 1369 1330 Theodosio
1383 1301 1418 1329 et

277 1341 410 1371 Arcadio
431 1349 551 1378 semper
571 1341 724 1378 Augustis
744 1341 875 1380 scripsit
901 1340 1123 1379 Symmachus,
1152 1342 1186 1371 et
1206 1350 1243 1371 ea
1264 1349 1343 1378 quae
1363 1349 1414 1371 ve-

278 1383 400 1412 rissime
414 1382 573 1421 respondit
594 1382 627 1415 S.
644 1383 823 1412 Ammmsws
849 1382 889 1412 ad
916 1383 1172 1413 Valentinianum
1194 1382 1213 1420 ξ
1226 1380 1301 1413 XII.
1324 1382 1415 1419 vide,

279 1425 387 1454 amabo
408 1425 453 1459 te,
476 1433 571 1462 opus:
595 1424 823 1454 PArnoLoeum
846 1424 998 1461 insignem
1013 1424 1122 1454 edente
1141 1424 1179 1456 F.
1203 1424 1321 1454 Mrem.

340 1465 386 1504 (3)
409 1466 499 1495 Hine
519 1466 624 1496 decies
644 1466 838 1505 redigentur
858 1466 896 1495 ὅτι
917 1467 1037 1496 horrea
1058 1467 1199 1503 fructus.
1228 1466 1288 1496 Hic
1310 1465 1417 1496 noster

278 1508 384 1542 verba,
409 1515 487 1544 quae
509 1507 549 1537 ad
566 1507 686 1544 Evang.
710 1508 744 1538 S.
768 1508 932 1537 Matthaei
953 1507 1128 1538 referuntur
1149 1507 1237 1544 XlIl,
1262 1507 1300 1537 19
1322 1506 1417 1537 aliter

278 1558 333 1587 pro
348 1549 540 1585 virginitate
554 1549 733 1579 extollenda
747 1549 983 1587 interpretatur,
1001 1558 1036 1579 ac
1052 1549 1177 1579 dixerat
1191 1557 1246 1587 pro
1263 1548 1417 1586 Martyrio

279 1597 311 1626 in
334 1589 419 1636 Περὶ
431 1588 530 1635 Στεφ.
547 1597 661 1634 hymno
675 1595 757 1626 XIV.
773 1596 852 1633 Lege
863 1596 1022 1627 adnotatt.
1037 1597 1176 1626 nostram
1188 1596 1231 1625 ibi
1244 1595 1283 1625 ad
1296 1604 1327 1627 ν.
1343 1595 1415 1626 121.

342 1637 386 1677 (4)
403 1646 531 1676 parvae
560 1639 680 1668 teneris
712 1638 895 1677 capiuntur
923 1639 960 1667 in
982 1638 1095 1667 annis.
1129 1637 1193 1675 Quo
1215 1637 1317 1667 tutius
1338 1636 1417 1667 haec

268 1679 512 1716 intelligantur,
534 1679 585 1709 hic
607 1688 685 1716 quae
699 1679 794 1709 habet
809 1679 886 1710 An.
898 1679 993 1710 GnLL.
1007 1679 1040 1708 in
1054 1679 1096 1709 N.
1111 1679 1150 1709 A.
1167 1678 1241 1715 XII,
1256 1678 1286 1714 1,
1302 1678 1418 1709 exscri-

279 1722 366 1751 bam:
391 1731 409 1749 ‹<
426 1721 484 1759 Qui
507 1721 544 1751 de
558 1721 685 1758 Virgine
706 1721 859 1759 capienda
878 1721 1084 1758 scripserunt,
1099 1728 1228 1757 quorum
1243 1719 1417 1757 diligentis-

280 1773 297 1790 «
322 1764 399 1792 sime
420 1763 547 1800 scripsit
575 1763 680 1792 LABEO
701 1762 889 1798 AN‘rrs’nvs,
921 1763 1071 1792 minorem
1101 1770 1193 1799 quam
1215 1769 1313 1791 annos
1342 1770 1416 1797 sex,

279 1815 298 1831 ‹<
321 1804 468 1834 maiorem
490 1812 583 1840 quam
605 1812 701 1834 annos
721 1804 828 1833 decem
843 1807 961 1838 natam,
979 1804 1174 1840 negaverunt
1187 1803 1256 1841 capi
1272 1802 1318 1832 fas
1332 1811 1415 1838 esse:

281 1856 298 1873 «
323 1846 399 1877 item
422 1853 500 1882 quae
520 1853 580 1875 non
601 1846 646 1875 sit
666 1846 801 1883 patrima
822 1846 857 1875 et
877 1845 1044 1879 matrima3
1061 1845 1138 1874 item
1153 1852 1233 1882 quae
1246 1843 1353 1881 lingua
1366 1843 1417 1874 de-

279 1897 297 1914 «
319 1887 391 1924 bili,
411 1895 595 1917 sensuumve
617 1887 739 1916 aurium
762 1886 924 1917 deminuta
939 1886 1041 1917 aliave
1056 1894 1118 1922 qua
1133 1886 1269 1924 eorporis
1282 1886 1352 1916 labe
1366 1885 1418 1916 in-

280 1939 297 1956 «
320 1929 440 1965 signita
461 1929 522 1963 sit;
546 1929 624 1958 item
647 1936 726 1964 quae
748 1929 816 1966 ipsa
839 1928 895 1957 aut
909 1928 997 1957 cuius
1018 1929 1108 1965 pater
1128 1927 1344 1965 emancipatus
1358 1927 1414 1963 sit,

280 1981 298 1998 ‹<
323 1970 449 2000 etiamsi
471 1971 544 2000 vivo
565 1971 656 2008 patre
678 1978 708 1999 in
731 1971 782 1999 avi
806 1970 962 2007 potestate
984 1969 1028 1999 sit
1056 1970 1106 1999 etc
1110 1991 1217 2000 .....
1249 1968 1426 1999 Praeterea

280 2022 297 2039 «
320 2012 438 2043 CAPrro
460 2011 578 2042 Armvs
601 2012 751 2049 scriptum
774 2010 913 2048 reliquit,
936 2019 1034 2047 neque
1050 2011 1115 2040 eius
1129 2010 1280 2048 scriptam
1307 2009 1416 2045 filiam,

281 2064 297 2080 «
322 2054 375 2090 qui
398 2053 590 2083 domicilium
611 2054 644 2082 in
665 2053 761 2083 Italia
781 2061 843 2083 non
865 2052 1012 2082 habuerit
1025 2059 1116 2084 ecc...
1133 2051 1228 2089 Virgo
1243 2051 1346 2082 autem
1362 2050 1417 2081 Ve-

279 2104 297 2121 «
319 2094 411 2124 stalis
425 2094 516 2125 simul
532 2096 580 2125 est
593 2095 698 2133 capta,
714 2095 809 2131 atque
830 2094 863 2124 in
881 2093 999 2124 atrium
1015 2093 1129 2124 Vestae
1146 2093 1280 2125 deducta
1292 2094 1327 2124 et
1341 2100 1417 2132 pon·
