1566 2482
411 413 650 451 ADDFNDA
675 413 737 450 ΕΤ
764 411 1081 450 CORRIGENDA

232 664 269 699 ln
287 663 350 699 vol.
367 663 392 703 Ι,
410 674 485 709 pag.
511 673 596 702 xvm,
623 662 729 698 multi
753 662 922 698 doctri-na
945 661 1124 706 praestati
1148 661 1222 697 viri
1237 660 1326 706 lege:

181 711 288 748 niulti
306 710 474 747 doctrina
486 711 695 756 praestanti
710 710 794 745 viri.

227 771 267 807 In
283 770 349 806 vol.
366 770 390 811 1,
408 781 484 817 pag.
505 768 584 804 109.
608 769 734 816 Hymno
754 769 796 805 111
814 768 1077 819 Cnnuummox,
1101 768 1157 814 qui
1174 767 1331 804 inscribi-

178 829 252 864 tur:
263 829 392 866 Passio
401 829 579 865 Eulaliae
591 829 833 865 Beatissimae
847 827 1032 873 Martyris
1041 827 1128 864 hanc
1140 826 1328 874 periocham

180 887 338 924 omissam
355 889 535 925 subtexito:
566 888 580 903 “
603 888 757 924 Versibus
775 887 946 934 dactylicis
962 887 1130 923 trimetris
1148 898 1248 933 super
1273 898 1326 923 ca-

185 946 199 961 “
221 947 383 984 talecticis
410 950 507 995 poeta
537 949 650 984 noster
675 947 843 993 Virginem
871 946 1033 982 Evmun
1058 946 1217 992 celebrat,
1244 957 1326 993 quae

185 1006 200 1020 ⁴⁴
224 1005 387 1044 Emeritae
401 1009 511 1044 ortum
528 1007 620 1043 duxit
638 1007 673 1042 in
690 1007 846 1054 Hispania
858 1006 1035 1043 Vlteriore.
1050 1005 1231 1043 Generosos
1247 1006 1327 1043 haec

186 1065 201 1081 ⁴⁶
225 1068 322 1103 nacta
333 1069 499 1113 parentes,
513 1078 624 1103 amore
642 1065 765 1103 Christi
784 1065 1016 1113 prodigialiter
1033 1065 1085 1102 vel
1101 1077 1122 1102 a
1138 1065 1255 1112 primis
1268 1077 1330 1101 un-

187 1126 200 1140 “
223 1126 365 1172 guiculis
389 1126 557 1172 flagravit,
574 1127 670 1173 plane
692 1128 731 1163 ut
748 1129 790 1162 ad
815 1126 1016 1173 martyrium
1042 1125 1230 1162 faciendum
1254 1125 1332 1161 ierit

185 1186 201 1201 ⁴⁶
222 1188 340 1233 sponte
356 1186 418 1223 sub
434 1186 631 1222 Maximiano
661 1185 818 1223 Herculeo
848 1197 904 1222 an.
922 1183 1034 1223 Ec‘c'st‘.
1061 1185 1231 1227 Miracula,
1250 1196 1333 1232 quae

187 1246 201 1260 “
224 1245 294 1283 eius
311 1249 452 1282 mortem
469 1247 645 1282 consecuta
662 1247 752 1289 sunt,
769 1247 803 1282 et
819 1245 928 1282 locum
946 1245 1004 1281 ubi
1022 1245 1149 1292 Mar-tyr
1163 1245 1264 1291 Virgo
1283 1247 1334 1282 est

187 1305 201 1320 ⁴⁴
223 1305 357 1342 condita
373 1305 508 1352 pulchre
527 1307 664 1341 exornat
678 1305 878 1341 Prudentius
893 1332 921 1349 ,,.

233 1384 279 1388 -
295 1365 374 1410 Pag.
394 1363 463 1399 174
479 1365 514 1400 in
533 1375 590 1400 ora
606 1364 684 1400 libri
702 1376 786 1400 vers.
804 1363 868 1407 56;
888 1365 1036 1410 corrige:
1055 1363 1113 1400 65.

233 1443 281 1448 ——
297 1424 377 1469 Pag.
394 1423 461 1459 138
488 1424 522 1459 in
535 1423 655 1460 Adnot.
682 1423 704 1459 3
732 1425 939 1461 istiusmodi
965 1425 1156 1468 fornicem.
1184 1424 1333 1469 Corrige,
1371 1413 1374 1416 ’

185 1472 214 1508 si
232 1483 283 1517 me
301 1471 411 1507 amas:
430 1472 638 1508 istiusmodi
653 1472 792 1516 fornix.

232 1562 278 1568 -
297 1543 375 1588 Pag.
395 1542 462 1578 139
481 1544 515 1579 in
533 1554 641 1589 marg.
659 1555 743 1579 vers.
764 1542 846 1579 225.
865 1543 1017 1588 Corrige:
1037 1542 1118 1579 255.

232 1623 279 1629 —
295 1603 374 1648 Pag.
393 1602 461 1637 261
480 1603 595 1639 adnot.
613 1601 645 1638 1.
662 1603 843 1648 syllabam
860 1605 892 1639 tc
918 1607 1118 1647 correptam
1133 1603 1234 1639 vides
1252 1613 1325 1638 cor·

186 1663 277 1710 rige:
297 1668 496 1709 correptam
513 1664 662 1699 minime
679 1663 790 1699 vides.

236 1765 272 1800 In
298 1765 359 1800 vol.
384 1765 423 1808 Π,
450 1776 527 1811 pag.
551 1762 599 1798 64
625 1766 739 1800 annot.
771 1763 792 1798 3
820 1764 967 1800 advenit
989 1764 1184 1799 homimum
1209 1765 1334 1808 ‚qeneri

186 1825 278 1871 lege:
297 1826 478 1861 hominum
495 1825 632 1870 qeueri.
1226 1832 1228 1834 ’

235 1905 282 1911 --
298 1886 376 1930 Pag.
394 1884 442 1920 84
458 1896 541 1921 vers.
560 1883 631 1919 208
648 1883 775 1920 Sortur
793 1883 897 1929 legito
914 1883 1087 1921 Sortitur.

237 1964 285 1970 —-
300 1945 379 1990 Pag.
397 1943 476 1980 110.
494 1944 606 1980 adnot.
619 1942 642 1977 5
658 1944 931 1989 interpretatum
947 1943 1096 1988 leqimus
1109 1942 1258 1987 corrige:
1278 1943 1334 1977 in-

188 2009 421 2051 terpretatam
440 2006 602 2050 leyimus.

238 2082 287 2089 —-
301 2064 380 2110 Pag.
398 2062 465 2098 169
486 2063 686 2107 Pref'ectum
711 2062 817 2098 Vrbis
835 2062 982 2107 corrige:
1004 2060 1233 2105 Praefectum
1272 2055 1336 2095 Vr-

190 2125 260 2161 bis.

177 2206 181 2209 -
238 2201 287 2208 —
302 2183 383 2229 Pag.
405 2181 474 2217 178
491 2183 602 2219 adnot.
620 2180 643 2216 2
661 2184 702 2218 in
720 2182 845 2218 edillio
861 2181 990 2226 corrige
1009 2182 1049 2217 in
1067 2180 1238 2227 Edyllio.
