1566 2482
69 2474 76 2476 .

409 162 554 191 comm
580 162 776 192 sruncm
790 145 1019 208 bammum
1095 145 1099 147 “
1208 146 1286 194 195

195 271 380 319 Advocat‚
396 270 499 310 haud
512 270 677 311 sterilem
696 272 819 310 certus
837 271 915 311 fore
933 272 1010 311 iam
1028 273 1100 312 sibi
1117 275 1283 322 pactam.

194 325 361 364 Vitricus
388 324 581 374 antevenit
607 325 757 364 tardum
782 325 1039 374 praefervidus
1067 329 1190 367 ortum

195 378 368 428 Privigni
395 377 562 417 nondum
588 378 733 427 geniti:
764 389 849 418 mox
876 379 999 418 editur
1027 380 1127 420 inter
1207 382 1285 421 260

194 431 428 471 Fescennina
455 443 550 471 novo
578 432 701 480 proles
728 432 854 471 aliena
880 433 1030 472 marito.

195 485 316 535 quue
343 486 453 524 deum
472 487 606 532 sortes,
628 485 667 524 id
686 485 878 535 Apollinis
894 488 1004 525 antra
1025 486 1085 536 (1)
1105 487 1287 528 dederuut

194 539 424 578 Consilium:
455 551 662 589 numquam
690 539 825 579 melius
853 551 943 579 nam
971 541 1098 580 cedere
1126 541 1257 581 taedas

194 593 427 642 Responsum
445 594 517 641 est,
538 604 652 641 quam
676 604 791 642 quum
809 605 1024 644 praegnans
1048 605 1147 699 noga
1167 596 1286 644 nupta

1114 650 1282 698 lugatur.

194 672 304 738 Hanc
321 699 407 747 tibi,
429 701 564 747 Roma,
588 701 710 748 deam,
731 701 856 739 titulis
875 703 912 739 et
932 702 1071 740 honore
1097 703 1286 742 sacratam

194 753 392 814 Perpetuo,
422 754 552 792 Flmas
579 754 678 792 inter
701 731 941 803 Veneresque
970 755 1120 793 creasti.
1190 754 1284 807 [265

194 807 274 845 Nec
301 807 458 853 mirum3
490 807 575 855 quis
603 807 704 846 enim
734 808 885 855 sapiens
914 808 1154 855 dubitaverit,
1184 809 1272 848 illas

194 860 348 899 Mortali
375 860 419 898 de
447 860 563 908 stirpe
592 862 695 899 satas
723 861 876 908 vixisse,
907 863 946 900 et
974 862 1124 901 easdem

195 913 324 952 Laude
352 913 563 952 venustatis
589 914 728 962 claras,
758 914 800 953 in
828 915 1031 962 amoribus,
1060 926 1178 964 usque

194 967 255 1006 Ad
283 967 406 1006 famae
434 967 634 1015 excidium,
667 967 806 1007 formae
834 968 993 1007 nituisse
1021 969 1177 1008 decore?
1205 970 1284 1008 270

139 1019 238 1068 Quid
263 1020 395 1069 loquar
422 1020 631 1059 Antinoum
662 1022 722 1070 (2)
744 1021 897 1060 caelesti
924 1022 966 1060 in
986 1022 1071 1061 sede
1092 1022 1287 1062 locatum?

193 1073 308 1112 Illum
335 1073 489 1112 delicias
517 1085 618 1114 nunc
647 1075 724 1114 divi
752 1075 955 1124 principis·
984 1075 1092 1114 illum

194 1128 385 1176 Purpureo
413 1127 454 1166 in
481 1128 623 1176 gremio
651 1127 854 1177 spoliatum
882 1130 980 1168 sorte
1006 1129 1122 1176 virili,

190 1180 451 1230 Hadrianique
479 1181 538 1219 dei
567 1182 834 1231 Ganymedem,
866 1194 942 1221 non
970 1183 1128 1236 cyathos
1157 1182 1215 1221 dis

191 1235 367 1283 Porgere,
398 1234 463 1273 sed
490 1235 611 1274 medio
638 1236 876 1274 recubantem
909 1247 996 1275 cum
1028 1237 1118 1275 Iove
1146 1236 1282 1283 fulcro,

191 1288 365 1326 Nectaris
394 1288 571 1327 ambrosii
599 1300 743 1330 sacrum
771 1291 899 1338 potare
927 1291 1109 1339 Lyaeum,
1186 1287 1282 1340 [275

189 1341 354 1390 Cumque
382 1353 449 1380 suo
477 1341 519 1380 in
545 1343 697 1391 templis
726 1345 813 1381 vota
841 1343 1017 1382 exaudire
1046 1343 1210 1382 marito?

190 1395 293 1444 Ergo
319 1395 380 1433 his
407 1395 622 1443 auspicibus
649 1396 850 1444 Traianus,
882 1397 1025 1443 Nerva,
1056 1398 1227 1444 Severus,

190 1448 242 1487 Et
267 1448 391 1495 Titus,
421 1450 459 1486 et
485 1449 599 1488 fortes
628 1452 824 1498 gesserunt
853 1450 951 1488 bella
979 1451 1178 1489 Nerones?

189 1501 290 1547 Quos
316 1503 464 1540 terrena
491 1502 591 1540 viros
618 1502 796 1541 inlustres
823 1503 946 1551 gloria
974 1503 1076 1550 fecit,
1204 1503 1283 1542 280

191 1554 242 1592 Et
269 1553 389 1593 virtus
417 1554 565 1603 fragilis
595 1556 654 1604 (3)
682 1556 852 1604 provexit
880 1557 920 1594 in
948 1557 1066 1595 ardua
1094 1555 1232 1605 famae,

137 1683 153 1714 Ι
173 1641 246 1720 I(1)
235 1642 372 1682 Jquue
393 1643 487 1673 deum
509 1647 623 1681 sortes,
638 1644 674 1674 id
695 1645 865 1683 Apollinis
879 1648 994 1676 antvma
1011 1645 1078 1676 cfr.
1095 1645 1170 1676 ΤΔο.
1188 1645 1281 1677 Anu.

198 1725 243 1763 (2)
265 1727 461 1758 Antinoum.
494 1727 687 1758 catamitum
719 1727 957 1765 adolescentem,
986 1737 1076 1766 quem
1110 1729 1282 1767 imperator

137 1766 317 1797 Hadrianus
339 1768 512 1806 deperibat,
535 1777 686 1807 quemque
711 1769 820 1800 Graeci
841 1752 1046 1801 Alexandrini
1070 1770 1103 1800 in
1126 1770 1281 1802 adulatio-

135 1816 206 1839 nem
221 1809 355 1847 proiecti
369 1819 549 1842 consecrare
563 1819 623 1841 non
638 1811 836 1844 dubitarunt.
860 1812 899 1845 V
916 1813 1088 1843 Susum.
1105 1812 1280 1845 Hadrian.

134 1858 162 1882 0.
187 1858 256 1887 xw,
278 1851 311 1881 et
333 1851 494 1884 Femurr’r.
517 1853 650 1892 Inscm‘p
653 1855 676 1885 t.
693 1853 820 1884 CVI—
781 1863 977 1893 —poryere
997 1863 1082 1893 sync.
1099 1862 1118 1883 a
1139 1855 1279 1892 porrigo.

135 1889 180 1970 g.
200 1892 399 1970 ἕιηιέὀὶίεκ.
424 1894 509 1931 VIII,
532 1863 719 1930 274;Ρ.1111
744 1895 1281 1936 chc.11,656;snr.Sylv,

199 1974 245 2014 (3)
267 1975 312 2006 Et
332 1976 441 2006 virtus
461 1977 610 2016 fmyilis.
642 1978 804 2009 Veteribus
832 1979 1112 2017 superstitionibus
1142 1979 1279 2010 imbutos

135 2024 261 2047 veraces
282 2018 418 2055 virtutes
432 2019 572 2055 cognitas
585 2028 647 2050 non
668 2019 814 2051 habuisse
836 2020 920 2051 haud
936 2020 1044 2051 multis
1065 2030 1142 2060 opus
1164 2022 1213 2052 est
1228 2020 1279 2052 de·

136 2059 320 2090 monstrare.
346 2059 382 2091 V.
405 2059 626 2093 S.Avevsr11v.
645 2061 767 2092 Contra
782 2062 997 2102 Pelayianos;
1007 2063 1194 2101 praesertim
1208 2070 1282 2095 vero

136 2100 260 2131 Contra
282 2101 411 2134 Iulian.
436 2102 472 2134 L.
496 2102 550 2140 IV,
573 2106 591 2138 ἓ
613 2103 696 2135 1v11.
