<?xml version="1.0" encoding="UTF-8"?>
<!DOCTYPE html PUBLIC "-//W3C//DTD XHTML 1.0 Transitional//EN"
    "http://www.w3.org/TR/xhtml1/DTD/xhtml1-transitional.dtd">
<html xmlns="http://www.w3.org/1999/xhtml" xml:lang="en" lang="en">
 <head>
  <title>
</title>
<meta http-equiv="Content-Type" content="text/html;charset=utf-8" />
  <meta name='ocr-system' content='tesseract 3.04.00' />
  <meta name='ocr-capabilities' content='ocr_page ocr_carea ocr_par ocr_line ocrx_word'/>
</head>
<body>
  <div class='ocr_page' id='page_1' title='image "./operaprud00pruduoft/operaprud00pruduoft_0230.png"; bbox 0 0 1566 2482; ppageno 0'>
   <div class='ocr_carea' id='block_1_1' title="bbox 175 0 1566 204">
    <p class='ocr_par' dir='ltr' id='par_1_1' title="bbox 175 0 1566 204">
     <span class='ocr_line' id='line_1_1' title="bbox 175 0 1566 204; baseline 0 0"><span class='ocrx_word' id='word_1_1' title='bbox 175 0 1566 204; x_wconf 95' lang='lat' dir='ltr'>   </span> 
     </span>
    </p>
   </div>
   <div class='ocr_carea' id='block_1_2' title="bbox 696 115 1111 170">
    <p class='ocr_par' dir='ltr' id='par_1_2' title="bbox 696 115 1111 170">
     <span class='ocr_line' id='line_1_2' title="bbox 696 115 1111 170; baseline -0.007 0"><span class='ocrx_word' id='word_1_2' title='bbox 696 139 850 170; x_wconf 70' lang='lat' dir='ltr'>Avssum</span> <span class='ocrx_word' id='word_1_3' title='bbox 875 115 1076 168; x_wconf 62' lang='lat' dir='ltr'><strong>PRVDEMII</strong></span> <span class='ocrx_word' id='word_1_4' title='bbox 1107 160 1111 162; x_wconf 39' lang='grc'>,</span> 
     </span>
    </p>
   </div>
   <div class='ocr_carea' id='block_1_3' title="bbox 820 202 1026 206">
    <p class='ocr_par' dir='ltr' id='par_1_3' title="bbox 820 202 1026 206">
     <span class='ocr_line' id='line_1_3' title="bbox 820 202 1026 206; baseline 0 0"><span class='ocrx_word' id='word_1_5' title='bbox 820 202 1026 206; x_wconf 95' lang='lat' dir='ltr'> </span> 
     </span>
    </p>
   </div>
   <div class='ocr_carea' id='block_1_4' title="bbox 322 248 1462 1748">
    <p class='ocr_par' dir='ltr' id='par_1_4' title="bbox 368 248 1456 511">
     <span class='ocr_line' id='line_1_4' title="bbox 368 248 1349 298; baseline -0.004 -6"><span class='ocrx_word' id='word_1_6' title='bbox 368 251 618 291; x_wconf 81' lang='lat' dir='ltr'>Praetulerit?</span> <span class='ocrx_word' id='word_1_7' title='bbox 644 250 705 289; x_wconf 88' lang='lat' dir='ltr'>vel</span> <span class='ocrx_word' id='word_1_8' title='bbox 731 249 815 298; x_wconf 88' lang='lat' dir='ltr'>quis</span> <span class='ocrx_word' id='word_1_9' title='bbox 843 248 994 297; x_wconf 86' lang='lat' dir='ltr'>sapiens</span> <span class='ocrx_word' id='word_1_10' title='bbox 1026 248 1170 297; x_wconf 87' lang='lat' dir='ltr'>potiora</span> <span class='ocrx_word' id='word_1_11' title='bbox 1205 249 1349 297; x_wconf 74' lang='lat' dir='ltr'>putarit</span> 
     </span>
     <span class='ocr_line' id='line_1_5' title="bbox 368 301 1454 351; baseline -0.004 -6"><span class='ocrx_word' id='word_1_12' title='bbox 368 306 515 345; x_wconf 83' lang='lat' dir='ltr'>Gaudia</span> <span class='ocrx_word' id='word_1_13' title='bbox 541 305 802 350; x_wconf 88' lang='lat' dir='ltr'>membrorum,</span> <span class='ocrx_word' id='word_1_14' title='bbox 823 314 935 351; x_wconf 88' lang='lat' dir='ltr'>quam</span> <span class='ocrx_word' id='word_1_15' title='bbox 961 302 1069 341; x_wconf 88' lang='lat' dir='ltr'>vivae</span> <span class='ocrx_word' id='word_1_16' title='bbox 1095 301 1262 350; x_wconf 80' lang='lat' dir='ltr'>praemia</span> <span class='ocrx_word' id='word_1_17' title='bbox 1288 301 1454 341; x_wconf 86' lang='lat' dir='ltr'>mentis?</span> 
     </span>
     <span class='ocr_line' id='line_1_6' title="bbox 369 355 1454 405; baseline -0.004 -7"><span class='ocrx_word' id='word_1_18' title='bbox 369 361 504 398; x_wconf 84' lang='lat' dir='ltr'>Nonne</span> <span class='ocrx_word' id='word_1_19' title='bbox 523 358 711 398; x_wconf 89' lang='lat' dir='ltr'>hominem</span> <span class='ocrx_word' id='word_1_20' title='bbox 738 368 782 395; x_wconf 88' lang='lat' dir='ltr'>ac</span> <span class='ocrx_word' id='word_1_21' title='bbox 801 356 979 405; x_wconf 83' lang='lat' dir='ltr'>pecudem</span> <span class='ocrx_word' id='word_1_22' title='bbox 997 355 1179 395; x_wconf 73' lang='lat' dir='ltr'><strong>distantia</strong></span> <span class='ocrx_word' id='word_1_23' title='bbox 1198 356 1348 404; x_wconf 85' lang='lat' dir='ltr'>separat</span> <span class='ocrx_word' id='word_1_24' title='bbox 1362 367 1454 402; x_wconf 85' lang='lat' dir='ltr'>una,</span> 
     </span>
     <span class='ocr_line' id='line_1_7' title="bbox 370 409 1455 460; baseline -0.004 -8"><span class='ocrx_word' id='word_1_25' title='bbox 370 414 475 460; x_wconf 81' lang='lat' dir='ltr'>Quod</span> <span class='ocrx_word' id='word_1_26' title='bbox 501 414 600 452; x_wconf 89' lang='lat' dir='ltr'>bona</span> <span class='ocrx_word' id='word_1_27' title='bbox 633 410 913 460; x_wconf 82' lang='lat' dir='ltr'>quadrupedum</span> <span class='ocrx_word' id='word_1_28' title='bbox 946 411 1032 448; x_wconf 87' lang='lat' dir='ltr'>ante</span> <span class='ocrx_word' id='word_1_29' title='bbox 1071 410 1196 449; x_wconf 85' lang='lat' dir='ltr'>oculos</span> <span class='ocrx_word' id='word_1_30' title='bbox 1229 409 1304 448; x_wconf 90' lang='lat' dir='ltr'>sita</span> <span class='ocrx_word' id='word_1_31' title='bbox 1339 411 1455 448; x_wconf 82' lang='lat' dir='ltr'>sunt?</span> 
     </span>
     <span class='ocr_line' id='line_1_8' title="bbox 1230 464 1456 511; baseline -0.004 -10"><span class='ocrx_word' id='word_1_32' title='bbox 1230 474 1298 511; x_wconf 88' lang='lat' dir='ltr'>ego</span> <span class='ocrx_word' id='word_1_33' title='bbox 1325 464 1456 501; x_wconf 84' lang='lat' dir='ltr'>contra</span> 
     </span>
    </p>

    <p class='ocr_par' dir='ltr' id='par_1_5' title="bbox 369 516 1458 1315">
     <span class='ocr_line' id='line_1_9' title="bbox 370 516 1453 569; baseline -0.006 -9"><span class='ocrx_word' id='word_1_34' title='bbox 370 523 496 569; x_wconf 86' lang='lat' dir='ltr'>Spero,</span> <span class='ocrx_word' id='word_1_35' title='bbox 513 519 611 569; x_wconf 87' lang='lat' dir='ltr'>quod</span> <span class='ocrx_word' id='word_1_36' title='bbox 623 519 728 557; x_wconf 82' lang='lat' dir='ltr'>extra</span> <span class='ocrx_word' id='word_1_37' title='bbox 746 517 862 556; x_wconf 85' lang='lat' dir='ltr'>aciem</span> <span class='ocrx_word' id='word_1_38' title='bbox 879 517 1035 565; x_wconf 86' lang='lat' dir='ltr'>longum</span> <span class='ocrx_word' id='word_1_39' title='bbox 1055 517 1224 555; x_wconf 83' lang='lat' dir='ltr'>servatur</span> <span class='ocrx_word' id='word_1_40' title='bbox 1241 516 1281 554; x_wconf 92' lang='lat' dir='ltr'>in</span> <span class='ocrx_word' id='word_1_41' title='bbox 1307 528 1453 554; x_wconf 85' lang='lat' dir='ltr'>aevum.</span> 
     </span>
     <span class='ocr_line' id='line_1_10' title="bbox 369 569 1426 618; baseline -0.006 -5"><span class='ocrx_word' id='word_1_42' title='bbox 369 576 485 618; x_wconf 86' lang='lat' dir='ltr'>Nam,</span> <span class='ocrx_word' id='word_1_43' title='bbox 515 574 548 612; x_wconf 83' lang='lat' dir='ltr'>si</span> <span class='ocrx_word' id='word_1_44' title='bbox 574 574 654 611; x_wconf 85' lang='lat' dir='ltr'>tota</span> <span class='ocrx_word' id='word_1_45' title='bbox 680 571 775 610; x_wconf 92' lang='lat' dir='ltr'>mihi</span> <span class='ocrx_word' id='word_1_46' title='bbox 801 582 885 609; x_wconf 89' lang='lat' dir='ltr'>cum</span> <span class='ocrx_word' id='word_1_47' title='bbox 909 581 1058 618; x_wconf 86' lang='lat' dir='ltr'>corpore</span> <span class='ocrx_word' id='word_1_48' title='bbox 1085 569 1166 608; x_wconf 85' lang='lat' dir='ltr'>vita</span> <span class='ocrx_word' id='word_1_49' title='bbox 1192 569 1329 618; x_wconf 75' lang='lat' dir='ltr'>peribit</span> <span class='ocrx_word' id='word_1_50' title='bbox 1357 569 1426 618; x_wconf 84' lang='lat'>(1),</span> 
     </span>
     <span class='ocr_line' id='line_1_11' title="bbox 370 623 1453 676; baseline -0.006 -9"><span class='ocrx_word' id='word_1_51' title='bbox 370 630 450 667; x_wconf 86' lang='lat' dir='ltr'>Nec</span> <span class='ocrx_word' id='word_1_52' title='bbox 476 627 612 676; x_wconf 89' lang='lat' dir='ltr'>poterit</span> <span class='ocrx_word' id='word_1_53' title='bbox 630 636 820 673; x_wconf 80' lang='lat' dir='ltr'>superesse</span> <span class='ocrx_word' id='word_1_54' title='bbox 839 636 960 662; x_wconf 90' lang='lat' dir='ltr'>meum</span> <span class='ocrx_word' id='word_1_55' title='bbox 979 625 1063 672; x_wconf 87' lang='lat' dir='ltr'>post</span> <span class='ocrx_word' id='word_1_56' title='bbox 1080 623 1212 662; x_wconf 88' lang='lat' dir='ltr'>funera</span> <span class='ocrx_word' id='word_1_57' title='bbox 1237 623 1453 671; x_wconf 86' lang='lat' dir='ltr'>quidquam,</span> 
     </span>
     <span class='ocr_line' id='line_1_12' title="bbox 373 676 1456 729; baseline -0.006 -9"><span class='ocrx_word' id='word_1_58' title='bbox 373 683 463 729; x_wconf 82' lang='lat' dir='ltr'>Quis</span> <span class='ocrx_word' id='word_1_59' title='bbox 481 680 575 719; x_wconf 89' lang='lat' dir='ltr'>mihi</span> <span class='ocrx_word' id='word_1_60' title='bbox 592 680 767 728; x_wconf 87' lang='lat' dir='ltr'>regnator</span> <span class='ocrx_word' id='word_1_61' title='bbox 786 678 906 716; x_wconf 84' lang='lat' dir='ltr'>caeli?</span> <span class='ocrx_word' id='word_1_62' title='bbox 934 677 1019 726; x_wconf 88' lang='lat' dir='ltr'>quis</span> <span class='ocrx_word' id='word_1_63' title='bbox 1037 676 1206 716; x_wconf 88' lang='lat' dir='ltr'>conditor</span> <span class='ocrx_word' id='word_1_64' title='bbox 1225 676 1351 715; x_wconf 85' lang='lat' dir='ltr'>orbis?</span> <span class='ocrx_word' id='word_1_65' title='bbox 1380 676 1456 715; x_wconf 79' lang='lat'>170</span> 
     </span>
     <span class='ocr_line' id='line_1_13' title="bbox 371 730 1456 782; baseline -0.006 -8"><span class='ocrx_word' id='word_1_66' title='bbox 371 736 460 782; x_wconf 80' lang='lat' dir='ltr'>Quis</span> <span class='ocrx_word' id='word_1_67' title='bbox 477 736 602 773; x_wconf 81' lang='lat' dir='ltr'>Deus?</span> <span class='ocrx_word' id='word_1_68' title='bbox 622 734 688 771; x_wconf 85' lang='lat' dir='ltr'>aut</span> <span class='ocrx_word' id='word_1_69' title='bbox 706 743 798 780; x_wconf 90' lang='lat' dir='ltr'>quae</span> <span class='ocrx_word' id='word_1_70' title='bbox 812 732 888 769; x_wconf 90' lang='lat' dir='ltr'>iam</span> <span class='ocrx_word' id='word_1_71' title='bbox 901 730 1032 769; x_wconf 85' lang='lat' dir='ltr'>merito</span> <span class='ocrx_word' id='word_1_72' title='bbox 1046 731 1245 769; x_wconf 86' lang='lat' dir='ltr'>metuenda</span> <span class='ocrx_word' id='word_1_73' title='bbox 1262 731 1456 778; x_wconf 82' lang='lat' dir='ltr'>potestas?</span> 
     </span>
     <span class='ocr_line' id='line_1_14' title="bbox 373 784 1287 837; baseline -0.007 -10"><span class='ocrx_word' id='word_1_74' title='bbox 373 790 440 827; x_wconf 85' lang='lat' dir='ltr'>Ibo</span> <span class='ocrx_word' id='word_1_75' title='bbox 469 800 534 837; x_wconf 91' lang='lat' dir='ltr'>per</span> <span class='ocrx_word' id='word_1_76' title='bbox 559 788 739 834; x_wconf 82' lang='lat' dir='ltr'>impuros,</span> <span class='ocrx_word' id='word_1_77' title='bbox 770 785 934 823; x_wconf 82' lang='lat' dir='ltr'>fervente</span> <span class='ocrx_word' id='word_1_78' title='bbox 961 784 1131 830; x_wconf 86' lang='lat' dir='ltr'>libidine,</span> <span class='ocrx_word' id='word_1_79' title='bbox 1151 784 1287 822; x_wconf 84' lang='lat' dir='ltr'>luxus:</span> 
     </span>
     <span class='ocr_line' id='line_1_15' title="bbox 373 838 1295 886; baseline -0.007 -5"><span class='ocrx_word' id='word_1_80' title='bbox 373 841 571 881; x_wconf 85' lang='lat' dir='ltr'>Incestabo</span> <span class='ocrx_word' id='word_1_81' title='bbox 599 842 714 886; x_wconf 86' lang='lat' dir='ltr'>toros,</span> <span class='ocrx_word' id='word_1_82' title='bbox 745 850 894 877; x_wconf 87' lang='lat' dir='ltr'>sacrum</span> <span class='ocrx_word' id='word_1_83' title='bbox 920 838 1071 876; x_wconf 80' lang='lat' dir='ltr'>calcabo</span> <span class='ocrx_word' id='word_1_84' title='bbox 1097 838 1295 885; x_wconf 88' lang='lat' dir='ltr'>pudorem:</span> 
     </span>
     <span class='ocr_line' id='line_1_16' title="bbox 372 890 1392 942; baseline -0.006 -8"><span class='ocrx_word' id='word_1_85' title='bbox 372 895 584 942; x_wconf 85' lang='lat' dir='ltr'>Infitiabor,</span> <span class='ocrx_word' id='word_1_86' title='bbox 613 894 757 932; x_wconf 85' lang='lat' dir='ltr'>habens</span> <span class='ocrx_word' id='word_1_87' title='bbox 784 892 936 939; x_wconf 85' lang='lat' dir='ltr'>aliquod</span> <span class='ocrx_word' id='word_1_88' title='bbox 963 891 1043 930; x_wconf 89' lang='lat' dir='ltr'>sine</span> <span class='ocrx_word' id='word_1_89' title='bbox 1070 892 1165 929; x_wconf 89' lang='lat' dir='ltr'>teste</span> <span class='ocrx_word' id='word_1_90' title='bbox 1192 890 1392 939; x_wconf 89' lang='lat' dir='ltr'>propinqui</span> 
     </span>
     <span class='ocr_line' id='line_1_17' title="bbox 373 943 1457 997; baseline -0.006 -9"><span class='ocrx_word' id='word_1_91' title='bbox 373 948 613 997; x_wconf 87' lang='lat' dir='ltr'>Depositum:</span> <span class='ocrx_word' id='word_1_92' title='bbox 643 949 779 985; x_wconf 80' lang='lat' dir='ltr'>tenues</span> <span class='ocrx_word' id='word_1_93' title='bbox 802 945 935 983; x_wconf 87' lang='lat' dir='ltr'>avidus</span> <span class='ocrx_word' id='word_1_94' title='bbox 963 944 1131 992; x_wconf 83' lang='lat' dir='ltr'>spoliabo</span> <span class='ocrx_word' id='word_1_95' title='bbox 1155 944 1323 991; x_wconf 88' lang='lat' dir='ltr'>clientes,</span> <span class='ocrx_word' id='word_1_96' title='bbox 1381 943 1457 981; x_wconf 84' lang='lat'>175</span> 
     </span>
     <span class='ocr_line' id='line_1_18' title="bbox 374 998 1416 1050; baseline -0.006 -9"><span class='ocrx_word' id='word_1_97' title='bbox 374 1004 612 1050; x_wconf 85' lang='lat' dir='ltr'>Longaevam</span> <span class='ocrx_word' id='word_1_98' title='bbox 639 1000 818 1049; x_wconf 86' lang='lat' dir='ltr'>perimam</span> <span class='ocrx_word' id='word_1_99' title='bbox 836 999 981 1047; x_wconf 83' lang='lat' dir='ltr'>magico</span> <span class='ocrx_word' id='word_1_100' title='bbox 1008 998 1219 1037; x_wconf 87' lang='lat' dir='ltr'>cantamine</span> <span class='ocrx_word' id='word_1_101' title='bbox 1246 999 1416 1035; x_wconf 85' lang='lat' dir='ltr'>matrem.</span> 
     </span>
     <span class='ocr_line' id='line_1_19' title="bbox 374 1051 1402 1094; baseline -0.007 0"><span class='ocrx_word' id='word_1_102' title='bbox 374 1056 514 1094; x_wconf 84' lang='lat' dir='ltr'>Tardat</span> <span class='ocrx_word' id='word_1_103' title='bbox 541 1066 636 1092; x_wconf 86' lang='lat' dir='ltr'>anus</span> <span class='ocrx_word' id='word_1_104' title='bbox 665 1053 853 1092; x_wconf 88' lang='lat' dir='ltr'>dominum</span> <span class='ocrx_word' id='word_1_105' title='bbox 881 1052 1000 1090; x_wconf 85' lang='lat' dir='ltr'>dilata</span> <span class='ocrx_word' id='word_1_106' title='bbox 1025 1053 1141 1090; x_wconf 88' lang='lat' dir='ltr'>morte</span> <span class='ocrx_word' id='word_1_107' title='bbox 1177 1051 1402 1089; x_wconf 89' lang='lat' dir='ltr'>secundum:</span> 
     </span>
     <span class='ocr_line' id='line_1_20' title="bbox 374 1104 1332 1152; baseline -0.007 -4"><span class='ocrx_word' id='word_1_108' title='bbox 374 1111 454 1148; x_wconf 87' lang='lat' dir='ltr'>Nec</span> <span class='ocrx_word' id='word_1_109' title='bbox 480 1108 637 1147; x_wconf 85' lang='lat' dir='ltr'>formido</span> <span class='ocrx_word' id='word_1_110' title='bbox 664 1107 818 1144; x_wconf 85' lang='lat' dir='ltr'>malum:</span> <span class='ocrx_word' id='word_1_111' title='bbox 850 1105 1033 1143; x_wconf 88' lang='lat' dir='ltr'>falluntur</span> <span class='ocrx_word' id='word_1_112' title='bbox 1059 1104 1209 1152; x_wconf 90' lang='lat' dir='ltr'>publica</span> <span class='ocrx_word' id='word_1_113' title='bbox 1235 1104 1332 1142; x_wconf 86' lang='lat' dir='ltr'>iura.</span> 
     </span>
     <span class='ocr_line' id='line_1_21' title="bbox 374 1158 1402 1207; baseline -0.007 -6"><span class='ocrx_word' id='word_1_114' title='bbox 374 1164 450 1201; x_wconf 82' lang='lat' dir='ltr'>Lex</span> <span class='ocrx_word' id='word_1_115' title='bbox 477 1163 624 1200; x_wconf 87' lang='lat' dir='ltr'>armata</span> <span class='ocrx_word' id='word_1_116' title='bbox 651 1161 767 1207; x_wconf 76' lang='lat' dir='ltr'>sedet,</span> <span class='ocrx_word' id='word_1_117' title='bbox 798 1160 864 1198; x_wconf 85' lang='lat' dir='ltr'>sed</span> <span class='ocrx_word' id='word_1_118' title='bbox 891 1158 1011 1197; x_wconf 85' lang='lat' dir='ltr'>nescit</span> <span class='ocrx_word' id='word_1_119' title='bbox 1037 1158 1177 1196; x_wconf 90' lang='lat' dir='ltr'>crinem</span> <span class='ocrx_word' id='word_1_120' title='bbox 1212 1159 1402 1205; x_wconf 87' lang='lat' dir='ltr'>opertum:</span> 
     </span>
     <span class='ocr_line' id='line_1_22' title="bbox 375 1209 1458 1262; baseline -0.007 -7"><span class='ocrx_word' id='word_1_121' title='bbox 375 1218 467 1262; x_wconf 89' lang='lat' dir='ltr'>Aut,</span> <span class='ocrx_word' id='word_1_122' title='bbox 499 1215 531 1253; x_wconf 92' lang='lat' dir='ltr'>si</span> <span class='ocrx_word' id='word_1_123' title='bbox 558 1226 617 1253; x_wconf 88' lang='lat' dir='ltr'>res</span> <span class='ocrx_word' id='word_1_124' title='bbox 650 1214 791 1261; x_wconf 85' lang='lat' dir='ltr'>pateat,</span> <span class='ocrx_word' id='word_1_125' title='bbox 822 1212 931 1251; x_wconf 84' lang='lat' dir='ltr'>iudex</span> <span class='ocrx_word' id='word_1_126' title='bbox 968 1211 1214 1259; x_wconf 76' lang='lat' dir='ltr'>corrumpitur</span> <span class='ocrx_word' id='word_1_127' title='bbox 1247 1221 1350 1248; x_wconf 83' lang='lat' dir='ltr'>auro.</span> <span class='ocrx_word' id='word_1_128' title='bbox 1382 1209 1458 1248; x_wconf 88' lang='lat'>180</span> 
     </span>
     <span class='ocr_line' id='line_1_23' title="bbox 375 1264 1212 1315; baseline -0.007 -7"><span class='ocrx_word' id='word_1_129' title='bbox 375 1271 476 1308; x_wconf 85' lang='lat' dir='ltr'>Rara</span> <span class='ocrx_word' id='word_1_130' title='bbox 503 1279 584 1306; x_wconf 88' lang='lat' dir='ltr'>reos</span> <span class='ocrx_word' id='word_1_131' title='bbox 610 1267 711 1305; x_wconf 87' lang='lat' dir='ltr'>iusta</span> <span class='ocrx_word' id='word_1_132' title='bbox 738 1266 907 1315; x_wconf 72' lang='lat' dir='ltr'>percellit</span> <span class='ocrx_word' id='word_1_133' title='bbox 931 1277 1051 1313; x_wconf 86' lang='lat' dir='ltr'>poena</span> <span class='ocrx_word' id='word_1_134' title='bbox 1079 1264 1212 1303; x_wconf 88' lang='lat' dir='ltr'>securi.</span> 
     </span>
    </p>

    <p class='ocr_par' dir='ltr' id='par_1_6' title="bbox 322 1319 1462 1748">
     <span class='ocr_line' id='line_1_24' title="bbox 322 1319 1461 1371; baseline -0.007 -9"><span class='ocrx_word' id='word_1_135' title='bbox 322 1324 392 1362; x_wconf 85' lang='lat' dir='ltr'>Sed</span> <span class='ocrx_word' id='word_1_136' title='bbox 420 1323 509 1371; x_wconf 89' lang='lat' dir='ltr'>quid</span> <span class='ocrx_word' id='word_1_137' title='bbox 527 1333 596 1370; x_wconf 82' lang='lat' dir='ltr'>ego</span> <span class='ocrx_word' id='word_1_138' title='bbox 614 1321 707 1359; x_wconf 86' lang='lat' dir='ltr'>haec</span> <span class='ocrx_word' id='word_1_139' title='bbox 726 1319 905 1358; x_wconf 79' lang='lat' dir='ltr'>meditor?</span> <span class='ocrx_word' id='word_1_140' title='bbox 931 1319 1082 1357; x_wconf 86' lang='lat' dir='ltr'>revocat</span> <span class='ocrx_word' id='word_1_141' title='bbox 1100 1319 1200 1356; x_wconf 90' lang='lat' dir='ltr'>Deus</span> <span class='ocrx_word' id='word_1_142' title='bbox 1227 1329 1309 1356; x_wconf 86' lang='lat' dir='ltr'>ecce</span> <span class='ocrx_word' id='word_1_143' title='bbox 1334 1328 1461 1355; x_wconf 85' lang='lat' dir='ltr'>severa</span> 
     </span>
     <span class='ocr_line' id='line_1_25' title="bbox 376 1372 1301 1422; baseline -0.006 -7"><span class='ocrx_word' id='word_1_144' title='bbox 376 1377 573 1415; x_wconf 75' lang='lat' dir='ltr'>Maiestate</span> <span class='ocrx_word' id='word_1_145' title='bbox 600 1374 742 1421; x_wconf 88' lang='lat' dir='ltr'>minax,</span> <span class='ocrx_word' id='word_1_146' title='bbox 771 1374 888 1422; x_wconf 88' lang='lat' dir='ltr'>negat</span> <span class='ocrx_word' id='word_1_147' title='bbox 914 1372 1112 1411; x_wconf 81' lang='lat' dir='ltr'>interitura</span> <span class='ocrx_word' id='word_1_148' title='bbox 1138 1383 1301 1410; x_wconf 90' lang='lat' dir='ltr'>meorum</span> 
     </span>
     <span class='ocr_line' id='line_1_26' title="bbox 377 1423 1457 1475; baseline -0.006 -7"><span class='ocrx_word' id='word_1_149' title='bbox 377 1432 448 1469; x_wconf 87' lang='lat' dir='ltr'>Per</span> <span class='ocrx_word' id='word_1_150' title='bbox 466 1430 621 1467; x_wconf 88' lang='lat' dir='ltr'>mortem</span> <span class='ocrx_word' id='word_1_151' title='bbox 639 1428 826 1466; x_wconf 88' lang='lat' dir='ltr'>momenta</span> <span class='ocrx_word' id='word_1_152' title='bbox 844 1438 1016 1475; x_wconf 86' lang='lat' dir='ltr'>operum:</span> <span class='ocrx_word' id='word_1_153' title='bbox 1038 1426 1126 1463; x_wconf 87' lang='lat' dir='ltr'>Non</span> <span class='ocrx_word' id='word_1_154' title='bbox 1143 1424 1297 1471; x_wconf 84' lang='lat' dir='ltr'>occidet,</span> <span class='ocrx_word' id='word_1_155' title='bbox 1319 1423 1457 1472; x_wconf 86' lang='lat' dir='ltr'>inquit,</span> 
     </span>
     <span class='ocr_line' id='line_1_27' title="bbox 376 1477 1460 1530; baseline -0.007 -8"><span class='ocrx_word' id='word_1_156' title='bbox 376 1483 536 1522; x_wconf 91' lang='lat' dir='ltr'>Interior</span> <span class='ocrx_word' id='word_1_157' title='bbox 552 1482 615 1530; x_wconf 85' lang='lat' dir='ltr'>qui</span> <span class='ocrx_word' id='word_1_158' title='bbox 632 1481 751 1529; x_wconf 86' lang='lat' dir='ltr'>spirat</span> <span class='ocrx_word' id='word_1_159' title='bbox 767 1481 875 1519; x_wconf 90' lang='lat' dir='ltr'>homo</span> <span class='ocrx_word' id='word_1_160' title='bbox 892 1481 942 1529; x_wconf 81' lang='grc'>(2)</span> <span class='ocrx_word' id='word_1_161' title='bbox 959 1495 967 1518; x_wconf 89' lang='lat'><strong>:</strong></span> <span class='ocrx_word' id='word_1_162' title='bbox 983 1480 1062 1517; x_wconf 89' lang='lat' dir='ltr'>luet</span> <span class='ocrx_word' id='word_1_163' title='bbox 1078 1479 1140 1516; x_wconf 92' lang='lat' dir='ltr'>ille</span> <span class='ocrx_word' id='word_1_164' title='bbox 1160 1489 1320 1527; x_wconf 89' lang='lat' dir='ltr'>perenne</span> <span class='ocrx_word' id='word_1_165' title='bbox 1384 1477 1460 1515; x_wconf 87' lang='lat'>185</span> 
     </span>
     <span class='ocr_line' id='line_1_28' title="bbox 378 1532 1372 1585; baseline -0.007 -10"><span class='ocrx_word' id='word_1_166' title='bbox 378 1536 622 1585; x_wconf 87' lang='lat' dir='ltr'>Supplicium,</span> <span class='ocrx_word' id='word_1_167' title='bbox 643 1535 741 1583; x_wconf 88' lang='lat' dir='ltr'>quod</span> <span class='ocrx_word' id='word_1_168' title='bbox 767 1535 950 1573; x_wconf 84' lang='lat' dir='ltr'>subiectos</span> <span class='ocrx_word' id='word_1_169' title='bbox 977 1533 1073 1571; x_wconf 89' lang='lat' dir='ltr'>male</span> <span class='ocrx_word' id='word_1_170' title='bbox 1099 1532 1234 1571; x_wconf 88' lang='lat' dir='ltr'>rexerit</span> <span class='ocrx_word' id='word_1_171' title='bbox 1254 1532 1372 1569; x_wconf 84' lang='lat' dir='ltr'>artus.</span> 
     </span>
     <span class='ocr_line' id='line_1_29' title="bbox 377 1583 1461 1635; baseline -0.007 -6"><span class='ocrx_word' id='word_1_172' title='bbox 377 1592 458 1630; x_wconf 86' lang='lat' dir='ltr'>Nec</span> <span class='ocrx_word' id='word_1_173' title='bbox 485 1589 578 1628; x_wconf 89' lang='lat' dir='ltr'>mihi</span> <span class='ocrx_word' id='word_1_174' title='bbox 597 1588 744 1627; x_wconf 85' lang='lat' dir='ltr'>difficile</span> <span class='ocrx_word' id='word_1_175' title='bbox 763 1589 834 1635; x_wconf 86' lang='lat' dir='ltr'>est,</span> <span class='ocrx_word' id='word_1_176' title='bbox 854 1586 1036 1635; x_wconf 87' lang='lat' dir='ltr'>liquidam</span> <span class='ocrx_word' id='word_1_177' title='bbox 1055 1585 1281 1624; x_wconf 87' lang='lat' dir='ltr'>circumdare</span> <span class='ocrx_word' id='word_1_178' title='bbox 1300 1583 1461 1622; x_wconf 84' lang='lat' dir='ltr'>fiammis</span> 
     </span>
     <span class='ocr_line' id='line_1_30' title="bbox 378 1638 1340 1691; baseline -0.008 -8"><span class='ocrx_word' id='word_1_179' title='bbox 378 1645 577 1690; x_wconf 84' lang='lat' dir='ltr'>Naturam,</span> <span class='ocrx_word' id='word_1_180' title='bbox 606 1642 777 1691; x_wconf 87' lang='lat' dir='ltr'>quamvis</span> <span class='ocrx_word' id='word_1_181' title='bbox 804 1640 1008 1690; x_wconf 86' lang='lat' dir='ltr'>perflabilis</span> <span class='ocrx_word' id='word_1_182' title='bbox 1035 1640 1102 1677; x_wconf 86' lang='lat' dir='ltr'>illa</span> <span class='ocrx_word' id='word_1_183' title='bbox 1129 1639 1270 1677; x_wconf 86' lang='lat' dir='ltr'>feratur</span> <span class='ocrx_word' id='word_1_184' title='bbox 1290 1638 1340 1686; x_wconf 81' lang='lat'>(3)</span> 
     </span>
     <span class='ocr_line' id='line_1_31' title="bbox 379 1691 1462 1748; baseline -0.008 -12"><span class='ocrx_word' id='word_1_185' title='bbox 379 1699 481 1748; x_wconf 84' lang='lat' dir='ltr'>More</span> <span class='ocrx_word' id='word_1_186' title='bbox 508 1696 621 1735; x_wconf 88' lang='lat' dir='ltr'>Noti:</span> <span class='ocrx_word' id='word_1_187' title='bbox 654 1695 800 1744; x_wconf 83' lang='lat' dir='ltr'>capiam</span> <span class='ocrx_word' id='word_1_188' title='bbox 826 1696 968 1740; x_wconf 84' lang='lat' dir='ltr'>tamen,</span> <span class='ocrx_word' id='word_1_189' title='bbox 999 1695 1035 1732; x_wconf 88' lang='lat' dir='ltr'>et</span> <span class='ocrx_word' id='word_1_190' title='bbox 1060 1693 1246 1731; x_wconf 88' lang='lat' dir='ltr'>tormenta</span> <span class='ocrx_word' id='word_1_191' title='bbox 1281 1691 1462 1729; x_wconf 87' lang='lat' dir='ltr'>adhibebo</span> 
     </span>
    </p>
   </div>
   <div class='ocr_carea' id='block_1_5' title="bbox 326 1797 1463 2092">
    <p class='ocr_par' dir='ltr' id='par_1_7' title="bbox 326 1797 1463 1922">
     <span class='ocr_line' id='line_1_32' title="bbox 390 1797 1463 1844; baseline -0.008 -8"><span class='ocrx_word' id='word_1_192' title='bbox 390 1805 436 1844; x_wconf 86' lang='lat'>(1)</span> <span class='ocrx_word' id='word_1_193' title='bbox 458 1803 616 1843; x_wconf 79' lang='lat' dir='ltr'>Spemque</span> <span class='ocrx_word' id='word_1_194' title='bbox 645 1803 684 1832; x_wconf 81' lang='lat' dir='ltr'>in</span> <span class='ocrx_word' id='word_1_195' title='bbox 711 1812 761 1832; x_wconf 82' lang='lat' dir='ltr'>me</span> <span class='ocrx_word' id='word_1_196' title='bbox 782 1810 907 1832; x_wconf 81' lang='lat' dir='ltr'>omnem</span> <span class='ocrx_word' id='word_1_197' title='bbox 935 1803 1108 1831; x_wconf 72' lang='lat' dir='ltr'>statuat..</span> <span class='ocrx_word' id='word_1_198' title='bbox 1125 1823 1132 1831; x_wconf 92' lang='lat'>.</span> <span class='ocrx_word' id='word_1_199' title='bbox 1162 1799 1293 1829; x_wconf 82' lang='lat' dir='ltr'>Versum</span> <span class='ocrx_word' id='word_1_200' title='bbox 1314 1797 1463 1828; x_wconf 80' lang='lat' dir='ltr'>habemus</span> 
     </span>
     <span class='ocr_line' id='line_1_33' title="bbox 326 1840 1462 1883; baseline -0.007 -6"><span class='ocrx_word' id='word_1_201' title='bbox 326 1847 513 1883; x_wconf 82' lang='lat' dir='ltr'>hiscentem,</span> <span class='ocrx_word' id='word_1_202' title='bbox 540 1845 596 1876; x_wconf 85' lang='lat' dir='ltr'>sed</span> <span class='ocrx_word' id='word_1_203' title='bbox 622 1844 712 1875; x_wconf 83' lang='lat' dir='ltr'>codd.</span> <span class='ocrx_word' id='word_1_204' title='bbox 745 1853 831 1874; x_wconf 88' lang='lat' dir='ltr'>m.ss.</span> <span class='ocrx_word' id='word_1_205' title='bbox 863 1843 1066 1879; x_wconf 69' lang='lat' dir='ltr'>confirmant,</span> <span class='ocrx_word' id='word_1_206' title='bbox 1097 1849 1194 1878; x_wconf 85' lang='lat' dir='ltr'>neque</span> <span class='ocrx_word' id='word_1_207' title='bbox 1223 1841 1335 1879; x_wconf 73' lang='lat' dir='ltr'>poetae</span> <span class='ocrx_word' id='word_1_208' title='bbox 1355 1840 1462 1870; x_wconf 83' lang='lat' dir='ltr'>nostro</span> 
     </span>
     <span class='ocr_line' id='line_1_34' title="bbox 330 1886 853 1922; baseline -0.008 -3"><span class='ocrx_word' id='word_1_209' title='bbox 330 1888 507 1919; x_wconf 70' lang='lat' dir='ltr'>istiusmodi</span> <span class='ocrx_word' id='word_1_210' title='bbox 529 1886 638 1917; x_wconf 82' lang='lat' dir='ltr'>hiatus</span> <span class='ocrx_word' id='word_1_211' title='bbox 660 1886 853 1922; x_wconf 82' lang='lat' dir='ltr'>infrequens.</span> 
     </span>
    </p>

    <p class='ocr_par' dir='ltr' id='par_1_8' title="bbox 331 1922 1461 2007">
     <span class='ocr_line' id='line_1_35' title="bbox 393 1922 1461 1968; baseline -0.007 -8"><span class='ocrx_word' id='word_1_212' title='bbox 393 1930 438 1968; x_wconf 78' lang='lat'>(2)</span> <span class='ocrx_word' id='word_1_213' title='bbox 461 1938 527 1959; x_wconf 81' lang='lat' dir='ltr'>non</span> <span class='ocrx_word' id='word_1_214' title='bbox 547 1928 678 1964; x_wconf 74' lang='lat' dir='ltr'>occidet,</span> <span class='ocrx_word' id='word_1_215' title='bbox 701 1928 825 1966; x_wconf 74' lang='lat' dir='ltr'>inquit,</span> <span class='ocrx_word' id='word_1_216' title='bbox 847 1925 992 1956; x_wconf 70' lang='lat' dir='ltr'>Interior</span> <span class='ocrx_word' id='word_1_217' title='bbox 1011 1925 1070 1964; x_wconf 72' lang='lat' dir='ltr'>qm·</span> <span class='ocrx_word' id='word_1_218' title='bbox 1091 1925 1202 1963; x_wconf 78' lang='lat' dir='ltr'>spirat</span> <span class='ocrx_word' id='word_1_219' title='bbox 1222 1923 1315 1953; x_wconf 81' lang='lat' dir='ltr'>homo</span> <span class='ocrx_word' id='word_1_220' title='bbox 1329 1946 1337 1954; x_wconf 90' lang='lat'><strong>.</strong></span> <span class='ocrx_word' id='word_1_221' title='bbox 1353 1946 1361 1955; x_wconf 88' lang='lat'><strong>.</strong></span> <span class='ocrx_word' id='word_1_222' title='bbox 1376 1946 1384 1956; x_wconf 88' lang='lat'>.</span> <span class='ocrx_word' id='word_1_223' title='bbox 1423 1922 1461 1953; x_wconf 82' lang='lat' dir='ltr'>V.</span> 
     </span>
     <span class='ocr_line' id='line_1_36' title="bbox 331 1971 599 2007; baseline -0.004 -5"><span class='ocrx_word' id='word_1_224' title='bbox 331 1972 458 2002; x_wconf 80' lang='grc' dir='ltr'><strong>ΜΛΤΤΗ.</strong></span> <span class='ocrx_word' id='word_1_225' title='bbox 481 1971 524 2007; x_wconf 85' lang='grc' dir='ltr'>Χ,</span> <span class='ocrx_word' id='word_1_226' title='bbox 545 1971 599 2002; x_wconf 84' lang='grc'>26.</span> 
     </span>
    </p>

    <p class='ocr_par' dir='ltr' id='par_1_9' title="bbox 330 2005 1463 2092">
     <span class='ocr_line' id='line_1_37' title="bbox 394 2005 1463 2052; baseline -0.007 -9"><span class='ocrx_word' id='word_1_227' title='bbox 394 2011 443 2052; x_wconf 87' lang='grc'>(3)</span> <span class='ocrx_word' id='word_1_228' title='bbox 463 2013 615 2051; x_wconf 79' lang='lat' dir='ltr'>quamvis</span> <span class='ocrx_word' id='word_1_229' title='bbox 630 2009 820 2050; x_wconf 76' lang='lat' dir='ltr'>perflabilis</span> <span class='ocrx_word' id='word_1_230' title='bbox 839 2009 903 2040; x_wconf 72' lang='lat' dir='ltr'>illa</span> <span class='ocrx_word' id='word_1_231' title='bbox 916 2010 1058 2047; x_wconf 79' lang='lat' dir='ltr'>feratur.</span> <span class='ocrx_word' id='word_1_232' title='bbox 1081 2008 1143 2038; x_wconf 88' lang='lat' dir='ltr'>Nos</span> <span class='ocrx_word' id='word_1_233' title='bbox 1158 2006 1281 2037; x_wconf 80' lang='lat' dir='ltr'>italice:</span> <span class='ocrx_word' id='word_1_234' title='bbox 1306 2016 1323 2034; x_wconf 73' lang='grc' dir='ltr'><strong>α</strong></span> <span class='ocrx_word' id='word_1_235' title='bbox 1338 2013 1372 2036; x_wconf 83' lang='lat' dir='ltr'>se</span> <span class='ocrx_word' id='word_1_236' title='bbox 1384 2005 1463 2036; x_wconf 77' lang='lat' dir='ltr'>hene</span> 
     </span>
     <span class='ocr_line' id='line_1_38' title="bbox 330 2048 1459 2092; baseline -0.006 -9"><span class='ocrx_word' id='word_1_237' title='bbox 330 2056 435 2090; x_wconf 85' lang='lat' dir='ltr'>tenue,</span> <span class='ocrx_word' id='word_1_238' title='bbox 457 2054 576 2092; x_wconf 82' lang='lat' dir='ltr'>sottile‚</span> <span class='ocrx_word' id='word_1_239' title='bbox 598 2062 631 2084; x_wconf 87' lang='lat' dir='ltr'>se</span> <span class='ocrx_word' id='word_1_240' title='bbox 651 2054 726 2084; x_wconf 87' lang='lat' dir='ltr'>bene</span> <span class='ocrx_word' id='word_1_241' title='bbox 741 2059 830 2091; x_wconf 80' lang='lat' dir='ltr'>possa</span> <span class='ocrx_word' id='word_1_242' title='bbox 844 2051 895 2081; x_wconf 79' lang='lat' dir='ltr'>dal</span> <span class='ocrx_word' id='word_1_243' title='bbox 909 2053 1001 2082; x_wconf 80' lang='lat' dir='ltr'>vento</span> <span class='ocrx_word' id='word_1_244' title='bbox 1016 2058 1098 2080; x_wconf 84' lang='lat' dir='ltr'>osser</span> <span class='ocrx_word' id='word_1_245' title='bbox 1113 2050 1236 2087; x_wconf 78' lang='lat' dir='ltr'>portato</span> <span class='ocrx_word' id='word_1_246' title='bbox 1256 2059 1274 2076; x_wconf 89' lang='lat'>»</span> <span class='ocrx_word' id='word_1_247' title='bbox 1303 2048 1341 2079; x_wconf 87' lang='lat' dir='ltr'>V.</span> <span class='ocrx_word' id='word_1_248' title='bbox 1363 2048 1459 2077; x_wconf 76' lang='lat' dir='ltr'>Tvm..</span> 
     </span>
    </p>
   </div>
   <div class='ocr_carea' id='block_1_6' title="bbox 333 2091 1189 2137">
    <p class='ocr_par' dir='ltr' id='par_1_10' title="bbox 333 2091 1189 2137">
     <span class='ocr_line' id='line_1_39' title="bbox 333 2091 1189 2137; baseline -0.006 -6"><span class='ocrx_word' id='word_1_249' title='bbox 333 2103 380 2133; x_wconf 81' lang='lat' dir='ltr'>De</span> <span class='ocrx_word' id='word_1_250' title='bbox 403 2101 543 2132; x_wconf 73' lang='lat' dir='ltr'>Divinit.</span> <span class='ocrx_word' id='word_1_251' title='bbox 566 2100 609 2137; x_wconf 85' lang='lat' dir='ltr'>Il,</span> <span class='ocrx_word' id='word_1_252' title='bbox 635 2100 685 2130; x_wconf 78' lang='lat'>18.</span> <span class='ocrx_word' id='word_1_253' title='bbox 708 2101 741 2130; x_wconf 85' lang='lat' dir='ltr'>et</span> <span class='ocrx_word' id='word_1_254' title='bbox 759 2091 890 2128; x_wconf 73' lang='grc' dir='ltr'>Ἀποθ.</span> <span class='ocrx_word' id='word_1_255' title='bbox 917 2099 947 2128; x_wconf 88' lang='lat' dir='ltr'>in</span> <span class='ocrx_word' id='word_1_256' title='bbox 969 2098 1070 2133; x_wconf 82' lang='lat' dir='ltr'>exitu,</span> <span class='ocrx_word' id='word_1_257' title='bbox 1097 2096 1189 2130; x_wconf 81' lang='lat'>1084.</span> 
     </span>
    </p>
   </div>
  </div>
 </body>
</html>
