1566 2482
302 174 381 215 198
686 186 838 214 naam
865 185 1067 214 PRVDENTII

351 295 432 334 Aut
457 295 534 333 ruit
560 305 711 341 occasu,
745 294 843 332 latet
875 295 942 332 aut
974 294 1044 332 sub
1075 295 1185 334 nocte
1217 305 1434 335 recurrensz

351 402 432 440 Nec
458 402 628 449 torquere
646 399 767 439 facem
788 399 847 449 (1)
867 400 967 448 potis
982 401 1041 439 est
1054 400 1104 438 ad
1117 400 1229 449 signa
1243 346 1434 449 Triodum,

353 455 444 494 Orbe
470 466 540 493 nec
569 453 718 503 obliquo
745 454 873 502 portas
900 453 1100 502 Aquilonis
1128 454 1245 502 adire,

353 509 434 547 Nec
461 507 613 547 solitum
641 518 842 546 conversus
870 506 940 545 iter
967 518 1138 546 revocare
1165 509 1379 547 retrorsum.

351 562 425 600 Hic
453 561 524 599 erit
551 572 638 610 ergo
666 562 783 607 Deus,
813 560 1053 608 praescriptis
1080 560 1161 609 lege
1190 561 1260 599 sub
1286 572 1365 599 una

352 615 510 654 Deditus
538 613 696 652 officiis?
724 614 896 652 Libertas
921 613 1043 652 laxior
1070 613 1143 661 ipsi
1357 615 1435 654 335

351 669 537 707 Concessa
563 671 622 706 est
649 667 812 706 homini:
843 666 1000 706 formam
1027 667 1089 706 cui
1117 667 1262 706 flectere
1290 667 1390 710 vitae

348 722 474 770 Atque
501 721 710 759 voluntatis
737 720 883 759 licitum
911 722 984 767 est,
1015 732 1080 759 seu
1107 720 1258 759 tramite
1286 720 1417 760 dextro

347 775 546 821 Scandere,
577 786 642 813 seu
669 774 776 812 laevo
803 774 912 812 malit
939 774 1129 812 decurrere
1157 785 1304 822 campo,

348 829 498 867 Sumere
527 839 592 866 seu
618 827 799 876 requiem,
831 839 896 866 seu
924 827 1140 865 continuare
1167 827 1346 875 laborem,

350 882 421 920 Seu
448 892 576 930 parere
604 881 694 928 Deo,
723 881 800 920 sive
826 881 868 918 in
895 881 1082 919 contraria
1108 880 1218 918 verti.
1355 881 1434 920 340

346 935 431 974 Ista
458 934 691 973 ministranti
719 934 886 983 regimen
914 934 1076 972 solemne
1105 933 1247 972 dierum

349 988 654 1036 Haudquaquam
682 987 758 1026 Soli
784 988 895 1025 datur
921 999 944 1025 a
973 986 1110 1026 factore
1137 988 1326 1035 potestas:

347 1042 419 1080 Sed
437 1041 601 1080 famulus
620 1041 807 1079 subiectus
826 1040 908 1089 agit
926 1041 1178 1088 quodcumque
1192 1051 1340 1078 necesse
1359 1041 1431 1079 est.

348 1095 431 1133 Hoc
459 1095 563 1133 sidus
591 1106 753 1140 currum,
783 1094 1005 1142 rapidasque
1032 1093 1176 1141 agitare
1204 1092 1407 1141 quadrigas

347 1147 551 1187 Commenti
571 1177 580 1193 ,
630 1149 665 1185 et
711 1147 834 1185 radios
871 1147 1036 1194 capitis,
1079 1148 1117 1184 et
1153 1146 1305 1184 verbera
1341 1147 1431 1184 dex-

1119 1196 1213 1250 [trae
1243 1199 1320 1248 (2),
1353 1200 1434 1238 345

345 1255 394 1292 Et
421 1253 561 1300 frenos,
582 1253 826 1301 phalerasque
854 1254 892 1290 et
919 1263 1094 1300 equorum
1118 1254 1269 1300 pectora
1295 1252 1432 1291 anhela

344 1307 454 1346 Aeris
483 1306 663 1353 inaurati,
694 1306 751 1344 vel
780 1306 989 1352 marmoris,
1020 1306 1087 1343 aut
1113 1305 1304 1353 orichalci,

344 1361 542 1400 Iusserunt
569 1359 688 1398 nitido
715 1359 858 1408 fulgere
886 1359 1003 1407 polita
1029 1359 1196 1397 metallo.

345 1414 437 1452 Post
463 1414 626 1459 trabeas,
657 1414 694 1451 et
721 1413 900 1451 eburnam
927 1412 1108 1461 aquilam,
1138 1411 1340 1516 sellafnque
1369 1412 1430 1461 (3)

316 1465 320 1469 '
1208 1492 1213 1498 .
1248 1465 1427 1512 curulem,

346 1521 510 1559 Cernuat
536 1531 601 1558 ora
628 1531 741 1558 senex
767 1519 961 1566 barbatus,
992 1520 1029 1557 et
1055 1518 1182 1557 oscula
1209 1518 1295 1567 figit
1352 1519 1432 1557 350

343 1573 521 1612 Cruribus
549 1573 784 1620 aenipedum,
816 1575 847 1611 si
876 1572 934 1610 fas
962 1573 1020 1611 est
1046 1571 1207 1618 credere,
1238 1583 1416 1620 equorum

339 1626 593 1675 Immotasque
621 1628 738 1673 rotas,
770 1627 807 1664 et
835 1625 937 1664 flecti
964 1625 1092 1663 nescia
1119 1624 1201 1663 lora

341 1680 421 1719 Aut
449 1682 558 1719 ornat
585 1679 758 1718 redimita
785 1680 896 1726 rosis,
928 1680 994 1717 aut
1020 1680 1102 1717 ture
1130 1679 1300 1726 vaporat.

352 1820 398 1859 (1)
419 1821 484 1851 Nec
506 1822 654 1859 torquere
676 1820 817 1857 facem...
836 1819 898 1850 Csr.
928 1819 1046 1850 MAML.
1065 1819 1283 1849 Astrmtomic.
1309 1817 1336 1855 Ι,
1353 1817 1427 1849 524.

352 1861 403 1902 (2)
424 1864 453 1892 et
473 1862 604 1891 verbera
625 1861 767 1891 dextrae.
785 1861 836 1891 Nil
851 1860 987 1898 pulcrius
1002 1860 1082 1891 Solis
1097 1860 1316 1898 descriptione,
1333 1867 1426 1897 quam

287 1903 421 1941 legimus
440 1903 521 1941 apud
543 1902 634 1933 Ovm.
657 1902 793 1933 Metam.
815 1902 873 1937 XI,
899 1902 970 1932 153.

353 1945 397 1983 (3)
419 1946 498 1975 Post
518 1944 660 1981 trabeas,
682 1947 750 1974 ec...
773 1944 935 1982 aquilam,
958 1943 1148 1982 sellamque.
1172 1942 1319 1980 Trabeas,
1334 1942 1422 1980 aqui-

288 1985 363 2023 lam,
379 1986 575 2023 curulemque
589 1985 696 2016 sellam
708 1986 915 2022 metonymice
930 1994 983 2023 pro
995 1985 1164 2015 maioribus
1174 1983 1428 2021 magistratibus,

289 2035 417 2064 quorum
439 2028 531 2059 erant
551 2028 700 2065 insignia.
723 2027 761 2057 V.
786 2025 870 2073 Περὶ
896 2025 994 2072 Στεφ.
1017 2026 1059 2063 X,
1077 2025 1148 2057 143.
1165 2042 1208 2048 —
1229 2025 1298 2056 Hoc
1319 2027 1426 2056 tamon

288 2077 460 2114 utcumque
481 2078 528 2105 est
548 2074 726 2106 tolerabile.
751 2075 835 2105 Haec
857 2074 1072 2112 quadantenus
1100 2082 1256 2112 possemus
1276 2072 1425 2108 tolerare,

287 2116 341 2147 sed
363 2125 439 2153 quae
462 2118 633 2153 sequuntur
654 2125 776 2154 prorsus
798 2116 940 2153 indigna.
969 2116 1005 2147 V.
1031 2115 1103 2147 SAP.
1128 2124 1158 2146 c.
1183 2115 1258 2151 xnl,
1281 2114 1312 2144 6.
