<?xml version="1.0" encoding="UTF-8"?>
<!DOCTYPE html PUBLIC "-//W3C//DTD XHTML 1.0 Transitional//EN"
    "http://www.w3.org/TR/xhtml1/DTD/xhtml1-transitional.dtd">
<html xmlns="http://www.w3.org/1999/xhtml" xml:lang="en" lang="en">
 <head>
  <title>
</title>
<meta http-equiv="Content-Type" content="text/html;charset=utf-8" />
  <meta name='ocr-system' content='tesseract 3.04.00' />
  <meta name='ocr-capabilities' content='ocr_page ocr_carea ocr_par ocr_line ocrx_word'/>
</head>
<body>
  <div class='ocr_page' id='page_1' title='image "./operaprud00pruduoft/operaprud00pruduoft_0076.png"; bbox 0 0 1566 2482; ppageno 0'>
   <div class='ocr_carea' id='block_1_1' title="bbox 424 26 1299 62">
    <p class='ocr_par' dir='ltr' id='par_1_1' title="bbox 424 26 1299 62">
     <span class='ocr_line' id='line_1_1' title="bbox 424 26 1299 62; baseline 0 -25"><span class='ocrx_word' id='word_1_1' title='bbox 424 29 457 43; x_wconf 51' lang='lat'><strong>„5</strong></span> <span class='ocrx_word' id='word_1_2' title='bbox 494 34 497 38; x_wconf 83' lang='grc'><strong>-</strong></span> <span class='ocrx_word' id='word_1_3' title='bbox 558 32 571 46; x_wconf 55' lang='lat'><strong>..⁷</strong></span> <span class='ocrx_word' id='word_1_4' title='bbox 591 30 613 46; x_wconf 51' lang='lat'><strong>3-</strong></span> <span class='ocrx_word' id='word_1_5' title='bbox 656 30 657 33; x_wconf 69' lang='lat'><em>=</em></span> <span class='ocrx_word' id='word_1_6' title='bbox 694 43 696 46; x_wconf 63' lang='lat'><strong>.</strong></span> <span class='ocrx_word' id='word_1_7' title='bbox 720 29 748 45; x_wconf 45' lang='grc' dir='ltr'><strong>«ᾗ,</strong></span> <span class='ocrx_word' id='word_1_8' title='bbox 783 27 811 39; x_wconf 72' lang='lat' dir='ltr'><strong>t·</strong></span> <span class='ocrx_word' id='word_1_9' title='bbox 882 26 1033 49; x_wconf 23' lang='lat' dir='ltr'><strong>‚ng-&#39;&#39;7712&#39;‘</strong></span> <span class='ocrx_word' id='word_1_10' title='bbox 1055 32 1059 37; x_wconf 94' lang='lat'><strong>.</strong></span> <span class='ocrx_word' id='word_1_11' title='bbox 1109 32 1116 35; x_wconf 83' lang='lat'><em>-</em></span> <span class='ocrx_word' id='word_1_12' title='bbox 1223 29 1225 33; x_wconf 85' lang='lat'><strong>.</strong></span> <span class='ocrx_word' id='word_1_13' title='bbox 1260 27 1299 62; x_wconf 24' lang='grc' dir='ltr'><strong>ζ’,</strong></span> 
     </span>
    </p>
   </div>
   <div class='ocr_carea' id='block_1_2' title="bbox 824 0 1566 2482">
    <p class='ocr_par' dir='ltr' id='par_1_2' title="bbox 824 0 1566 2482">
     <span class='ocr_line' id='line_1_2' title="bbox 824 0 1566 2482; baseline 0 0"><span class='ocrx_word' id='word_1_14' title='bbox 824 0 1566 2482; x_wconf 95' lang='lat' dir='ltr'><strong> </strong></span> 
     </span>
    </p>
   </div>
   <div class='ocr_carea' id='block_1_3' title="bbox 296 141 1079 195">
    <p class='ocr_par' dir='ltr' id='par_1_3' title="bbox 296 141 1079 195">
     <span class='ocr_line' id='line_1_3' title="bbox 296 141 1079 195; baseline -0.004 -8"><span class='ocrx_word' id='word_1_15' title='bbox 296 149 345 187; x_wconf 85' lang='grc'><strong>72</strong></span> <span class='ocrx_word' id='word_1_16' title='bbox 397 193 399 195; x_wconf 40' lang='grc'><strong>,</strong></span> <span class='ocrx_word' id='word_1_17' title='bbox 667 158 819 185; x_wconf 74' lang='lat' dir='ltr'><strong>Avnnml</strong></span> <span class='ocrx_word' id='word_1_18' title='bbox 849 157 1048 185; x_wconf 72' lang='lat' dir='ltr'><strong>rnvnnxrn</strong></span> <span class='ocrx_word' id='word_1_19' title='bbox 1071 141 1079 145; x_wconf 55' lang='grc'><em>“</em></span> 
     </span>
    </p>
   </div>
   <div class='ocr_carea' id='block_1_4' title="bbox 287 265 1431 1440">
    <p class='ocr_par' dir='ltr' id='par_1_4' title="bbox 290 265 1019 314">
     <span class='ocr_line' id='line_1_4' title="bbox 290 265 1019 314; baseline 0 -10"><span class='ocrx_word' id='word_1_20' title='bbox 290 267 428 311; x_wconf 80' lang='lat' dir='ltr'><strong>Oblata</strong></span> <span class='ocrx_word' id='word_1_21' title='bbox 456 278 523 304; x_wconf 90' lang='lat' dir='ltr'><strong>nec</strong></span> <span class='ocrx_word' id='word_1_22' title='bbox 550 267 592 304; x_wconf 89' lang='lat' dir='ltr'><strong>tu</strong></span> <span class='ocrx_word' id='word_1_23' title='bbox 618 266 701 314; x_wconf 82' lang='lat' dir='ltr'><strong>lege</strong></span> <span class='ocrx_word' id='word_1_24' title='bbox 727 267 831 304; x_wconf 83' lang='lat' dir='ltr'><strong>recta</strong></span> <span class='ocrx_word' id='word_1_25' title='bbox 859 265 1019 312; x_wconf 82' lang='lat' dir='ltr'><strong>dividas,</strong></span> 
     </span>
    </p>

    <p class='ocr_par' dir='ltr' id='par_1_5' title="bbox 290 318 1158 368">
     <span class='ocr_line' id='line_1_5' title="bbox 290 318 1158 368; baseline -0.001 -9"><span class='ocrx_word' id='word_1_26' title='bbox 290 322 470 359; x_wconf 87' lang='lat' dir='ltr'><strong>Perversa</strong></span> <span class='ocrx_word' id='word_1_27' title='bbox 496 320 645 368; x_wconf 80' lang='lat' dir='ltr'>nigram</span> <span class='ocrx_word' id='word_1_28' title='bbox 673 320 760 358; x_wconf 88' lang='lat' dir='ltr'><strong>vota</strong></span> <span class='ocrx_word' id='word_1_29' title='bbox 787 319 936 367; x_wconf 83' lang='lat' dir='ltr'><strong>culpam</strong></span> <span class='ocrx_word' id='word_1_30' title='bbox 962 318 1158 358; x_wconf 72' lang='lat' dir='ltr'><strong>traxerint.</strong></span> 
     </span>
    </p>

    <p class='ocr_par' dir='ltr' id='par_1_6' title="bbox 289 372 1127 422">
     <span class='ocr_line' id='line_1_6' title="bbox 289 372 1127 422; baseline -0.001 -11"><span class='ocrx_word' id='word_1_31' title='bbox 289 375 424 412; x_wconf 87' lang='lat' dir='ltr'><strong>Armat</strong></span> <span class='ocrx_word' id='word_1_32' title='bbox 452 373 583 411; x_wconf 86' lang='lat' dir='ltr'><strong>deinde</strong></span> <span class='ocrx_word' id='word_1_33' title='bbox 611 373 872 421; x_wconf 77' lang='lat' dir='ltr'><strong>parricidalem</strong></span> <span class='ocrx_word' id='word_1_34' title='bbox 895 372 954 422; x_wconf 87' lang='lat'><strong>(1)</strong></span> <span class='ocrx_word' id='word_1_35' title='bbox 976 384 1127 411; x_wconf 85' lang='lat' dir='ltr'><strong>manum</strong></span> 
     </span>
    </p>

    <p class='ocr_par' dir='ltr' id='par_1_7' title="bbox 289 425 1427 529">
     <span class='ocr_line' id='line_1_7' title="bbox 289 425 1427 474; baseline -0.003 -9"><span class='ocrx_word' id='word_1_36' title='bbox 289 428 433 473; x_wconf 78' lang='lat' dir='ltr'>Frater,</span> <span class='ocrx_word' id='word_1_37' title='bbox 465 428 643 474; x_wconf 85' lang='lat' dir='ltr'><strong>probatae</strong></span> <span class='ocrx_word' id='word_1_38' title='bbox 672 426 888 465; x_wconf 72' lang='lat' dir='ltr'><strong>sanctitatis</strong></span> <span class='ocrx_word' id='word_1_39' title='bbox 916 426 1104 471; x_wconf 82' lang='lat' dir='ltr'><strong>aemulus·,</strong></span> <span class='ocrx_word' id='word_1_40' title='bbox 1377 425 1427 463; x_wconf 86' lang='lat'><strong>15</strong></span> 
     </span>
     <span class='ocr_line' id='line_1_8' title="bbox 289 479 1193 529; baseline 0 -11"><span class='ocrx_word' id='word_1_41' title='bbox 289 482 616 519; x_wconf 60' lang='lat' dir='ltr'><strong>Germanaeurve</strong></span> <span class='ocrx_word' id='word_1_42' title='bbox 645 481 741 519; x_wconf 86' lang='lat' dir='ltr'><strong>colla</strong></span> <span class='ocrx_word' id='word_1_43' title='bbox 769 479 913 528; x_wconf 81' lang='lat' dir='ltr'><strong>frangit</strong></span> <span class='ocrx_word' id='word_1_44' title='bbox 941 479 1087 518; x_wconf 84' lang='lat' dir='ltr'><strong>sarculo</strong></span> <span class='ocrx_word' id='word_1_45' title='bbox 1117 481 1193 529; x_wconf 83' lang='lat'><strong>(2),</strong></span> 
     </span>
    </p>

    <p class='ocr_par' dir='ltr' id='par_1_8' title="bbox 290 533 1175 581">
     <span class='ocr_line' id='line_1_9' title="bbox 290 533 1175 581; baseline -0.002 -9"><span class='ocrx_word' id='word_1_46' title='bbox 290 535 473 573; x_wconf 85' lang='lat' dir='ltr'><strong>Mundum</strong></span> <span class='ocrx_word' id='word_1_47' title='bbox 501 536 684 573; x_wconf 77' lang='lat' dir='ltr'><strong>recentem</strong></span> <span class='ocrx_word' id='word_1_48' title='bbox 712 534 822 572; x_wconf 85' lang='lat' dir='ltr'><strong>caede</strong></span> <span class='ocrx_word' id='word_1_49' title='bbox 849 533 967 581; x_wconf 86' lang='lat' dir='ltr'><strong>tingit</strong></span> <span class='ocrx_word' id='word_1_50' title='bbox 994 533 1124 581; x_wconf 85' lang='lat' dir='ltr'><strong>impia,</strong></span> <span class='ocrx_word' id='word_1_51' title='bbox 1172 543 1175 546; x_wconf 65' lang='lat'><strong><em>‘</em></strong></span> 
     </span>
    </p>

    <p class='ocr_par' dir='ltr' id='par_1_9' title="bbox 289 588 1182 636">
     <span class='ocr_line' id='line_1_10' title="bbox 289 588 1182 636; baseline 0 -11"><span class='ocrx_word' id='word_1_52' title='bbox 289 589 376 626; x_wconf 87' lang='lat' dir='ltr'><strong>Sero</strong></span> <span class='ocrx_word' id='word_1_53' title='bbox 403 588 643 636; x_wconf 86' lang='lat' dir='ltr'><strong>expiandum,</strong></span> <span class='ocrx_word' id='word_1_54' title='bbox 674 588 750 625; x_wconf 89' lang='lat' dir='ltr'><strong>iam</strong></span> <span class='ocrx_word' id='word_1_55' title='bbox 779 589 1044 634; x_wconf 78' lang='lat' dir='ltr'><strong>senescentem,</strong></span> <span class='ocrx_word' id='word_1_56' title='bbox 1077 598 1182 625; x_wconf 90' lang='lat' dir='ltr'><strong>sacro</strong></span> 
     </span>
    </p>

    <p class='ocr_par' dir='ltr' id='par_1_10' title="bbox 290 640 1239 690">
     <span class='ocr_line' id='line_1_11' title="bbox 290 640 1239 690; baseline -0.001 -11"><span class='ocrx_word' id='word_1_57' title='bbox 290 643 423 681; x_wconf 86' lang='lat' dir='ltr'><strong>Cruore</strong></span> <span class='ocrx_word' id='word_1_58' title='bbox 453 642 592 680; x_wconf 80' lang='lat' dir='ltr'><strong>Christi</strong></span> <span class='ocrx_word' id='word_1_59' title='bbox 622 642 697 690; x_wconf 85' lang='lat'><strong>(3),</strong></span> <span class='ocrx_word' id='word_1_60' title='bbox 728 652 800 689; x_wconf 91' lang='lat' dir='ltr'><strong>quo</strong></span> <span class='ocrx_word' id='word_1_61' title='bbox 826 642 1035 688; x_wconf 83' lang='lat' dir='ltr'><strong>peremptor</strong></span> <span class='ocrx_word' id='word_1_62' title='bbox 1062 640 1239 679; x_wconf 88' lang='lat' dir='ltr'><strong>concidit.</strong></span> 
     </span>
    </p>

    <p class='ocr_par' dir='ltr' id='par_1_11' title="bbox 291 693 1430 796">
     <span class='ocr_line' id='line_1_12' title="bbox 291 693 1430 743; baseline -0.004 -9"><span class='ocrx_word' id='word_1_63' title='bbox 291 697 391 734; x_wconf 89' lang='lat' dir='ltr'><strong>Mors</strong></span> <span class='ocrx_word' id='word_1_64' title='bbox 418 696 540 743; x_wconf 86' lang='lat' dir='ltr'><strong>prima</strong></span> <span class='ocrx_word' id='word_1_65' title='bbox 568 695 689 743; x_wconf 87' lang='lat' dir='ltr'><strong>coepit</strong></span> <span class='ocrx_word' id='word_1_66' title='bbox 715 695 928 733; x_wconf 87' lang='lat' dir='ltr'><strong>innocentis</strong></span> <span class='ocrx_word' id='word_1_67' title='bbox 955 695 1129 740; x_wconf 82' lang='lat' dir='ltr'><strong>vulnere3</strong></span> <span class='ocrx_word' id='word_1_68' title='bbox 1380 693 1430 731; x_wconf 78' lang='lat'><strong>20</strong></span> 
     </span>
     <span class='ocr_line' id='line_1_13' title="bbox 291 748 1078 796; baseline -0.004 -8"><span class='ocrx_word' id='word_1_69' title='bbox 291 750 412 788; x_wconf 87' lang='lat' dir='ltr'><strong>Cessit</strong></span> <span class='ocrx_word' id='word_1_70' title='bbox 439 749 571 787; x_wconf 87' lang='lat' dir='ltr'><strong>deinde</strong></span> <span class='ocrx_word' id='word_1_71' title='bbox 599 749 794 787; x_wconf 87' lang='lat' dir='ltr'><strong>vulnerato</strong></span> <span class='ocrx_word' id='word_1_72' title='bbox 821 748 972 787; x_wconf 81' lang='lat' dir='ltr'><strong>innoxio</strong></span> <span class='ocrx_word' id='word_1_73' title='bbox 1001 748 1078 796; x_wconf 89' lang='lat'>(4).</span> 
     </span>
    </p>

    <p class='ocr_par' dir='ltr' id='par_1_12' title="bbox 290 801 1148 849">
     <span class='ocr_line' id='line_1_14' title="bbox 290 801 1148 849; baseline -0.002 -8"><span class='ocrx_word' id='word_1_74' title='bbox 290 805 360 841; x_wconf 88' lang='lat' dir='ltr'><strong>Per</strong></span> <span class='ocrx_word' id='word_1_75' title='bbox 387 803 526 841; x_wconf 89' lang='lat' dir='ltr'><strong>crimen</strong></span> <span class='ocrx_word' id='word_1_76' title='bbox 555 803 652 849; x_wconf 87' lang='lat' dir='ltr'><strong>orta,</strong></span> <span class='ocrx_word' id='word_1_77' title='bbox 684 802 867 840; x_wconf 85' lang='lat' dir='ltr'><strong>dissoluta</strong></span> <span class='ocrx_word' id='word_1_78' title='bbox 895 803 951 839; x_wconf 89' lang='lat' dir='ltr'><strong>est</strong></span> <span class='ocrx_word' id='word_1_79' title='bbox 978 801 1148 847; x_wconf 88' lang='lat' dir='ltr'><strong>crimine,</strong></span> 
     </span>
    </p>

    <p class='ocr_par' dir='ltr' id='par_1_13' title="bbox 290 854 1236 904">
     <span class='ocr_line' id='line_1_15' title="bbox 290 854 1236 904; baseline -0.002 -10"><span class='ocrx_word' id='word_1_80' title='bbox 290 856 387 894; x_wconf 87' lang='lat' dir='ltr'><strong>Abel</strong></span> <span class='ocrx_word' id='word_1_81' title='bbox 415 857 514 904; x_wconf 88' lang='lat' dir='ltr'><strong>quod</strong></span> <span class='ocrx_word' id='word_1_82' title='bbox 541 857 627 893; x_wconf 85' lang='lat' dir='ltr'><strong>ante</strong></span> <span class='ocrx_word' id='word_1_83' title='bbox 654 855 827 903; x_wconf 86' lang='lat' dir='ltr'><strong>perculit,</strong></span> <span class='ocrx_word' id='word_1_84' title='bbox 859 855 1050 893; x_wconf 81' lang='lat' dir='ltr'><strong>Christum</strong></span> <span class='ocrx_word' id='word_1_85' title='bbox 1077 854 1236 892; x_wconf 86' lang='lat' dir='ltr'><strong>dehinc:</strong></span> 
     </span>
    </p>

    <p class='ocr_par' dir='ltr' id='par_1_14' title="bbox 288 909 1196 957">
     <span class='ocr_line' id='line_1_16' title="bbox 288 909 1196 957; baseline -0.002 -9"><span class='ocrx_word' id='word_1_86' title='bbox 288 910 417 948; x_wconf 81' lang='lat' dir='ltr'><strong>Finita</strong></span> <span class='ocrx_word' id='word_1_87' title='bbox 445 912 482 947; x_wconf 89' lang='lat' dir='ltr'><strong>et</strong></span> <span class='ocrx_word' id='word_1_88' title='bbox 509 909 592 957; x_wconf 85' lang='lat' dir='ltr'><strong>ipsa</strong></span> <span class='ocrx_word' id='word_1_89' title='bbox 620 912 692 956; x_wconf 88' lang='lat' dir='ltr'><strong>est,</strong></span> <span class='ocrx_word' id='word_1_90' title='bbox 724 909 811 947; x_wconf 87' lang='lat' dir='ltr'><strong>finis</strong></span> <span class='ocrx_word' id='word_1_91' title='bbox 840 909 1022 947; x_wconf 85' lang='lat' dir='ltr'><strong>exsortem</strong></span> <span class='ocrx_word' id='word_1_92' title='bbox 1049 909 1196 956; x_wconf 78' lang='lat' dir='ltr'><strong>petens,</strong></span> 
     </span>
    </p>

    <p class='ocr_par' dir='ltr' id='par_1_15' title="bbox 287 961 1427 1065">
     <span class='ocr_line' id='line_1_17' title="bbox 288 961 1427 1012; baseline -0.002 -11"><span class='ocrx_word' id='word_1_93' title='bbox 288 965 389 1012; x_wconf 84' lang='lat' dir='ltr'><strong>Ergo</strong></span> <span class='ocrx_word' id='word_1_94' title='bbox 418 975 460 1001; x_wconf 86' lang='lat' dir='ltr'><strong>ex</strong></span> <span class='ocrx_word' id='word_1_95' title='bbox 489 962 626 1001; x_wconf 89' lang='lat' dir='ltr'><strong>futuris</strong></span> <span class='ocrx_word' id='word_1_96' title='bbox 652 962 778 1010; x_wconf 86' lang='lat' dir='ltr'><strong>prisca</strong></span> <span class='ocrx_word' id='word_1_97' title='bbox 806 962 925 1010; x_wconf 87' lang='lat' dir='ltr'><strong>coepit</strong></span> <span class='ocrx_word' id='word_1_98' title='bbox 952 961 1082 1000; x_wconf 87' lang='lat' dir='ltr'><strong>fabula</strong></span> <span class='ocrx_word' id='word_1_99' title='bbox 1112 961 1190 1012; x_wconf 88' lang='lat'>(5),</span> <span class='ocrx_word' id='word_1_100' title='bbox 1381 962 1427 999; x_wconf 69' lang='lat'><strong>23¹</strong></span> 
     </span>
     <span class='ocr_line' id='line_1_18' title="bbox 287 1015 1130 1065; baseline -0.002 -10"><span class='ocrx_word' id='word_1_101' title='bbox 287 1018 473 1065; x_wconf 85' lang='lat' dir='ltr'><strong>Faetoque</strong></span> <span class='ocrx_word' id='word_1_102' title='bbox 500 1016 619 1064; x_wconf 91' lang='lat' dir='ltr'><strong>primo</strong></span> <span class='ocrx_word' id='word_1_103' title='bbox 647 1027 706 1054; x_wconf 89' lang='lat' dir='ltr'><strong>res</strong></span> <span class='ocrx_word' id='word_1_104' title='bbox 735 1017 867 1054; x_wconf 84' lang='lat' dir='ltr'><strong>notata</strong></span> <span class='ocrx_word' id='word_1_105' title='bbox 895 1017 954 1054; x_wconf 85' lang='lat' dir='ltr'><strong>est</strong></span> <span class='ocrx_word' id='word_1_106' title='bbox 982 1015 1130 1053; x_wconf 84' lang='lat' dir='ltr'><strong>ultima.</strong></span> 
     </span>
    </p>

    <p class='ocr_par' dir='ltr' id='par_1_16' title="bbox 290 1069 1006 1109">
     <span class='ocr_line' id='line_1_19' title="bbox 290 1069 1006 1109; baseline -0.001 -1"><span class='ocrx_word' id='word_1_107' title='bbox 290 1072 341 1109; x_wconf 90' lang='lat' dir='ltr'><strong>Ut</strong></span> <span class='ocrx_word' id='word_1_108' title='bbox 368 1071 431 1109; x_wconf 87' lang='lat' dir='ltr'><strong>ille</strong></span> <span class='ocrx_word' id='word_1_109' title='bbox 459 1070 591 1109; x_wconf 91' lang='lat' dir='ltr'><strong>mortis</strong></span> <span class='ocrx_word' id='word_1_110' title='bbox 619 1069 815 1108; x_wconf 85' lang='lat' dir='ltr'><strong>inchoator</strong></span> <span class='ocrx_word' id='word_1_111' title='bbox 843 1069 1006 1107; x_wconf 88' lang='lat' dir='ltr'><strong>rusticus</strong></span> 
     </span>
    </p>

    <p class='ocr_par' dir='ltr' id='par_1_17' title="bbox 287 1123 1010 1169">
     <span class='ocr_line' id='line_1_20' title="bbox 287 1123 1010 1169; baseline -0.004 -7"><span class='ocrx_word' id='word_1_112' title='bbox 287 1124 444 1163; x_wconf 87' lang='lat' dir='ltr'><strong>Insulsa</strong></span> <span class='ocrx_word' id='word_1_113' title='bbox 470 1125 590 1162; x_wconf 88' lang='lat' dir='ltr'><strong>terrae</strong></span> <span class='ocrx_word' id='word_1_114' title='bbox 619 1123 786 1162; x_wconf 87' lang='lat' dir='ltr'><strong>deferens</strong></span> <span class='ocrx_word' id='word_1_115' title='bbox 813 1123 1010 1169; x_wconf 84' lang='lat' dir='ltr'><strong>libamina,</strong></span> 
     </span>
    </p>

    <p class='ocr_par' dir='ltr' id='par_1_18' title="bbox 288 1177 1117 1226">
     <span class='ocr_line' id='line_1_21' title="bbox 288 1177 1117 1226; baseline -0.004 -10"><span class='ocrx_word' id='word_1_116' title='bbox 288 1179 480 1226; x_wconf 86' lang='lat' dir='ltr'><strong>Deumque</strong></span> <span class='ocrx_word' id='word_1_117' title='bbox 507 1189 630 1215; x_wconf 87' lang='lat' dir='ltr'><strong>rerum</strong></span> <span class='ocrx_word' id='word_1_118' title='bbox 658 1178 887 1215; x_wconf 89' lang='lat' dir='ltr'><strong>mortuarum</strong></span> <span class='ocrx_word' id='word_1_119' title='bbox 916 1177 1117 1224; x_wconf 86' lang='lat' dir='ltr'><strong>deputans,</strong></span> 
     </span>
    </p>

    <p class='ocr_par' dir='ltr' id='par_1_19' title="bbox 287 1229 1431 1323">
     <span class='ocr_line' id='line_1_22' title="bbox 288 1229 1431 1279; baseline -0.003 -10"><span class='ocrx_word' id='word_1_120' title='bbox 288 1231 438 1270; x_wconf 86' lang='lat' dir='ltr'><strong>Rastris</strong></span> <span class='ocrx_word' id='word_1_121' title='bbox 464 1231 615 1269; x_wconf 86' lang='lat' dir='ltr'><strong>redacta</strong></span> <span class='ocrx_word' id='word_1_122' title='bbox 642 1230 759 1279; x_wconf 86' lang='lat' dir='ltr'><strong>digna</strong></span> <span class='ocrx_word' id='word_1_123' title='bbox 787 1230 904 1269; x_wconf 86' lang='lat' dir='ltr'><strong>saeris</strong></span> <span class='ocrx_word' id='word_1_124' title='bbox 932 1230 1095 1268; x_wconf 88' lang='lat' dir='ltr'><strong>crederet</strong></span> <span class='ocrx_word' id='word_1_125' title='bbox 1380 1229 1431 1266; x_wconf 87' lang='lat'><strong>30</strong></span> 
     </span>
     <span class='ocr_line' id='line_1_23' title="bbox 287 1283 1016 1323; baseline -0.001 -1"><span class='ocrx_word' id='word_1_126' title='bbox 287 1284 462 1323; x_wconf 87' lang='lat' dir='ltr'><strong>Viventis</strong></span> <span class='ocrx_word' id='word_1_127' title='bbox 490 1286 596 1322; x_wconf 80' lang='lat' dir='ltr'><strong>atrox</strong></span> <span class='ocrx_word' id='word_1_128' title='bbox 623 1284 830 1323; x_wconf 84' lang='lat' dir='ltr'><strong>aemulator</strong></span> <span class='ocrx_word' id='word_1_129' title='bbox 858 1283 1016 1322; x_wconf 87' lang='lat' dir='ltr'><strong>hostiae.</strong></span> 
     </span>
    </p>

    <p class='ocr_par' dir='ltr' id='par_1_20' title="bbox 288 1336 1242 1387">
     <span class='ocr_line' id='line_1_24' title="bbox 288 1336 1242 1387; baseline -0.002 -11"><span class='ocrx_word' id='word_1_130' title='bbox 288 1339 465 1386; x_wconf 84' lang='lat' dir='ltr'><strong>Agnosco</strong></span> <span class='ocrx_word' id='word_1_131' title='bbox 492 1342 637 1386; x_wconf 81' lang='lat' dir='ltr'><strong>nempe,</strong></span> <span class='ocrx_word' id='word_1_132' title='bbox 668 1349 776 1387; x_wconf 88' lang='lat' dir='ltr'><strong>quem</strong></span> <span class='ocrx_word' id='word_1_133' title='bbox 807 1338 927 1386; x_wconf 81' lang='lat' dir='ltr'><strong>figura</strong></span> <span class='ocrx_word' id='word_1_134' title='bbox 955 1337 1047 1375; x_wconf 88' lang='lat' dir='ltr'><strong>haec</strong></span> <span class='ocrx_word' id='word_1_135' title='bbox 1075 1336 1242 1384; x_wconf 85' lang='lat' dir='ltr'><strong>denotet,</strong></span> 
     </span>
    </p>

    <p class='ocr_par' dir='ltr' id='par_1_21' title="bbox 288 1390 1148 1440">
     <span class='ocr_line' id='line_1_25' title="bbox 288 1390 1148 1440; baseline -0.002 -10"><span class='ocrx_word' id='word_1_136' title='bbox 288 1391 380 1438; x_wconf 80' lang='lat' dir='ltr'><strong>Quis</strong></span> <span class='ocrx_word' id='word_1_137' title='bbox 408 1391 619 1439; x_wconf 84' lang='lat' dir='ltr'><strong>fratricida,</strong></span> <span class='ocrx_word' id='word_1_138' title='bbox 651 1392 735 1440; x_wconf 87' lang='lat' dir='ltr'><strong>quis</strong></span> <span class='ocrx_word' id='word_1_139' title='bbox 764 1392 970 1439; x_wconf 84' lang='lat' dir='ltr'><strong>peremptor</strong></span> <span class='ocrx_word' id='word_1_140' title='bbox 997 1390 1148 1428; x_wconf 86' lang='lat' dir='ltr'><strong>invidus</strong></span> 
     </span>
    </p>
   </div>
   <div class='ocr_carea' id='block_1_5' title="bbox 253 1507 1438 2134">
    <p class='ocr_par' dir='ltr' id='par_1_22' title="bbox 288 1507 1431 1582">
     <span class='ocr_line' id='line_1_26' title="bbox 354 1507 1431 1549; baseline -0.004 -9"><span class='ocrx_word' id='word_1_141' title='bbox 354 1509 398 1548; x_wconf 90' lang='lat' dir='ltr'><strong>(l)</strong></span> <span class='ocrx_word' id='word_1_142' title='bbox 420 1509 671 1548; x_wconf 78' lang='lat' dir='ltr'><strong>parricidalem,</strong></span> <span class='ocrx_word' id='word_1_143' title='bbox 693 1510 726 1540; x_wconf 88' lang='lat' dir='ltr'><strong>et</strong></span> <span class='ocrx_word' id='word_1_144' title='bbox 748 1509 1014 1549; x_wconf 72' lang='lat' dir='ltr'><strong>parricidialem,</strong></span> <span class='ocrx_word' id='word_1_145' title='bbox 1038 1508 1078 1538; x_wconf 81' lang='lat' dir='ltr'><strong>ad</strong></span> <span class='ocrx_word' id='word_1_146' title='bbox 1106 1507 1308 1547; x_wconf 74' lang='lat' dir='ltr'><strong>parricidium</strong></span> <span class='ocrx_word' id='word_1_147' title='bbox 1336 1507 1431 1545; x_wconf 82' lang='lat' dir='ltr'><strong>perti-</strong></span> 
     </span>
     <span class='ocr_line' id='line_1_27' title="bbox 288 1553 426 1582; baseline -0.007 0"><span class='ocrx_word' id='word_1_148' title='bbox 288 1553 426 1582; x_wconf 88' lang='lat' dir='ltr'><strong>nentem.</strong></span> 
     </span>
    </p>

    <p class='ocr_par' dir='ltr' id='par_1_23' title="bbox 286 1590 1438 1791">
     <span class='ocr_line' id='line_1_28' title="bbox 353 1590 1431 1632; baseline -0.003 -10"><span class='ocrx_word' id='word_1_149' title='bbox 353 1593 398 1632; x_wconf 83' lang='lat'><strong>(2)</strong></span> <span class='ocrx_word' id='word_1_150' title='bbox 422 1602 523 1623; x_wconf 75' lang='lat' dir='ltr'><strong>curva</strong></span> <span class='ocrx_word' id='word_1_151' title='bbox 545 1593 625 1623; x_wconf 78' lang='lat' dir='ltr'><strong>collo</strong></span> <span class='ocrx_word' id='word_1_152' title='bbox 646 1593 777 1631; x_wconf 76' lang='lat' dir='ltr'><strong>franqit</strong></span> <span class='ocrx_word' id='word_1_153' title='bbox 803 1593 946 1623; x_wconf 77' lang='lat' dir='ltr'><strong>sarculo.</strong></span> <span class='ocrx_word' id='word_1_154' title='bbox 981 1592 1149 1622; x_wconf 81' lang='lat' dir='ltr'><strong>Sareulone</strong></span> <span class='ocrx_word' id='word_1_155' title='bbox 1182 1591 1290 1621; x_wconf 78' lang='lat' dir='ltr'><strong>fratris</strong></span> <span class='ocrx_word' id='word_1_156' title='bbox 1318 1590 1431 1620; x_wconf 78' lang='lat' dir='ltr'><strong>conum</strong></span> 
     </span>
     <span class='ocr_line' id='line_1_29' title="bbox 289 1632 1438 1673; baseline -0.002 -9"><span class='ocrx_word' id='word_1_157' title='bbox 289 1635 419 1672; x_wconf 77' lang='lat' dir='ltr'><strong>fregerit</strong></span> <span class='ocrx_word' id='word_1_158' title='bbox 440 1635 563 1672; x_wconf 73' lang='lat' dir='ltr'><strong>eamus,</strong></span> <span class='ocrx_word' id='word_1_159' title='bbox 586 1643 626 1664; x_wconf 86' lang='lat' dir='ltr'><strong>an</strong></span> <span class='ocrx_word' id='word_1_160' title='bbox 648 1635 784 1673; x_wconf 82' lang='lat' dir='ltr'><strong>lapidem</strong></span> <span class='ocrx_word' id='word_1_161' title='bbox 805 1634 838 1664; x_wconf 89' lang='lat' dir='ltr'><strong>in</strong></span> <span class='ocrx_word' id='word_1_162' title='bbox 871 1634 940 1664; x_wconf 84' lang='lat' dir='ltr'><strong>eius</strong></span> <span class='ocrx_word' id='word_1_163' title='bbox 961 1633 1098 1664; x_wconf 82' lang='lat' dir='ltr'><strong>frontem</strong></span> <span class='ocrx_word' id='word_1_164' title='bbox 1121 1634 1242 1669; x_wconf 82' lang='lat' dir='ltr'><strong>iecerit,</strong></span> <span class='ocrx_word' id='word_1_165' title='bbox 1266 1632 1438 1671; x_wconf 48' lang='lat' dir='ltr'><strong>disputant*</strong></span> 
     </span>
     <span class='ocr_line' id='line_1_30' title="bbox 288 1675 1430 1714; baseline -0.003 -8"><span class='ocrx_word' id='word_1_166' title='bbox 288 1677 494 1707; x_wconf 81' lang='lat' dir='ltr'><strong>enarratores.</strong></span> <span class='ocrx_word' id='word_1_167' title='bbox 519 1677 563 1707; x_wconf 92' lang='lat' dir='ltr'><strong>De</strong></span> <span class='ocrx_word' id='word_1_168' title='bbox 578 1676 683 1714; x_wconf 84' lang='lat' dir='ltr'><strong>lapide</strong></span> <span class='ocrx_word' id='word_1_169' title='bbox 697 1676 835 1713; x_wconf 86' lang='lat' dir='ltr'><strong>loquitur</strong></span> <span class='ocrx_word' id='word_1_170' title='bbox 851 1675 965 1706; x_wconf 75' lang='lat' dir='ltr'><strong>Gnnas.</strong></span> <span class='ocrx_word' id='word_1_171' title='bbox 983 1675 1041 1712; x_wconf 81' lang='lat' dir='ltr'><strong>Ill,</strong></span> <span class='ocrx_word' id='word_1_172' title='bbox 1066 1675 1122 1710; x_wconf 74' lang='lat'><strong>123</strong></span> <span class='ocrx_word' id='word_1_173' title='bbox 1145 1675 1300 1705; x_wconf 66' lang='lat' dir='ltr'><strong>Ivvrncvs</strong></span> <span class='ocrx_word' id='word_1_174' title='bbox 1311 1675 1430 1710; x_wconf 75' lang='lat' dir='ltr'><strong>tamen,</strong></span> 
     </span>
     <span class='ocr_line' id='line_1_31' title="bbox 286 1716 1430 1756; baseline -0.003 -8"><span class='ocrx_word' id='word_1_175' title='bbox 286 1718 401 1755; x_wconf 83' lang='lat' dir='ltr'><strong>aliique</strong></span> <span class='ocrx_word' id='word_1_176' title='bbox 424 1719 533 1756; x_wconf 73' lang='lat' dir='ltr'><strong>poetae</strong></span> <span class='ocrx_word' id='word_1_177' title='bbox 555 1717 694 1754; x_wconf 83' lang='lat' dir='ltr'><strong>Abelem‚</strong></span> <span class='ocrx_word' id='word_1_178' title='bbox 718 1717 858 1748; x_wconf 77' lang='lat' dir='ltr'><strong>faucibus</strong></span> <span class='ocrx_word' id='word_1_179' title='bbox 886 1717 1061 1754; x_wconf 76' lang='lat' dir='ltr'><strong>obstrictis,</strong></span> <span class='ocrx_word' id='word_1_180' title='bbox 1091 1717 1159 1747; x_wconf 74' lang='lat' dir='ltr'><strong>vita</strong></span> <span class='ocrx_word' id='word_1_181' title='bbox 1179 1716 1338 1755; x_wconf 74' lang='lat' dir='ltr'><strong>privatum</strong></span> <span class='ocrx_word' id='word_1_182' title='bbox 1359 1723 1430 1746; x_wconf 85' lang='lat' dir='ltr'><strong>con·</strong></span> 
     </span>
     <span class='ocr_line' id='line_1_32' title="bbox 287 1759 430 1791; baseline 0.007 -2"><span class='ocrx_word' id='word_1_183' title='bbox 287 1759 430 1791; x_wconf 82' lang='lat' dir='ltr'><strong>tendunt.</strong></span> 
     </span>
    </p>

    <p class='ocr_par' dir='ltr' id='par_1_24' title="bbox 350 1798 1431 1841">
     <span class='ocr_line' id='line_1_33' title="bbox 350 1798 1431 1841; baseline -0.004 -9"><span class='ocrx_word' id='word_1_184' title='bbox 350 1800 398 1841; x_wconf 81' lang='lat'><strong>(3)</strong></span> <span class='ocrx_word' id='word_1_185' title='bbox 411 1810 530 1831; x_wconf 74' lang='lat' dir='ltr'><strong>cruore</strong></span> <span class='ocrx_word' id='word_1_186' title='bbox 541 1801 682 1836; x_wconf 63' lang='lat' dir='ltr'><strong>Christi.</strong></span> <span class='ocrx_word' id='word_1_187' title='bbox 695 1800 838 1832; x_wconf 74' lang='lat' dir='ltr'><strong>Christus</strong></span> <span class='ocrx_word' id='word_1_188' title='bbox 855 1800 886 1830; x_wconf 91' lang='lat' dir='ltr'><strong>in</strong></span> <span class='ocrx_word' id='word_1_189' title='bbox 902 1799 996 1830; x_wconf 82' lang='lat' dir='ltr'><strong>Ahe&#39;e</strong></span> <span class='ocrx_word' id='word_1_190' title='bbox 1010 1799 1296 1838; x_wconf 75' lang='lat' dir='ltr'><strong>p1·aen10nstratu1·;</strong></span> <span class='ocrx_word' id='word_1_191' title='bbox 1315 1798 1431 1829; x_wconf 76' lang='lat' dir='ltr'><strong>Cainus</strong></span> 
     </span>
    </p>

    <p class='ocr_par' dir='ltr' id='par_1_25' title="bbox 253 1843 1429 1958">
     <span class='ocr_line' id='line_1_34' title="bbox 287 1843 1133 1880; baseline 0.001 -8"><span class='ocrx_word' id='word_1_192' title='bbox 287 1843 447 1873; x_wconf 79' lang='lat' dir='ltr'><strong>diabolum</strong></span> <span class='ocrx_word' id='word_1_193' title='bbox 467 1843 624 1880; x_wconf 80' lang='lat' dir='ltr'><strong>designat.</strong></span> <span class='ocrx_word' id='word_1_194' title='bbox 1131 1847 1133 1849; x_wconf 84' lang='lat'>&#39;</span> 
     </span>
     <span class='ocr_line' id='line_1_35' title="bbox 253 1881 1429 1924; baseline -0.003 -9"><span class='ocrx_word' id='word_1_195' title='bbox 253 1889 255 1894; x_wconf 88' lang='grc'><em>·</em></span> <span class='ocrx_word' id='word_1_196' title='bbox 350 1884 396 1924; x_wconf 82' lang='grc'><strong>(4)</strong></span> <span class='ocrx_word' id='word_1_197' title='bbox 424 1884 528 1915; x_wconf 71' lang='lat' dir='ltr'><strong>Cessit</strong></span> <span class='ocrx_word' id='word_1_198' title='bbox 556 1884 671 1914; x_wconf 77' lang='lat' dir='ltr'><strong>deinde</strong></span> <span class='ocrx_word' id='word_1_199' title='bbox 699 1884 870 1915; x_wconf 74' lang='lat' dir='ltr'><strong>vulnerato</strong></span> <span class='ocrx_word' id='word_1_200' title='bbox 895 1883 1050 1920; x_wconf 73' lang='lat' dir='ltr'><strong>innoxio,</strong></span> <span class='ocrx_word' id='word_1_201' title='bbox 1081 1882 1150 1913; x_wconf 85' lang='lat' dir='ltr'><strong>scil.</strong></span> <span class='ocrx_word' id='word_1_202' title='bbox 1182 1882 1318 1913; x_wconf 83' lang='lat' dir='ltr'><strong>Christo,</strong></span> <span class='ocrx_word' id='word_1_203' title='bbox 1351 1881 1429 1912; x_wconf 75' lang='lat' dir='ltr'><strong>Vide</strong></span> 
     </span>
     <span class='ocr_line' id='line_1_36' title="bbox 286 1926 1337 1958; baseline 0 -2"><span class='ocrx_word' id='word_1_204' title='bbox 286 1926 318 1958; x_wconf 90' lang='lat' dir='ltr'><strong>S.</strong></span> <span class='ocrx_word' id='word_1_205' title='bbox 342 1927 459 1957; x_wconf 75' lang='lat' dir='ltr'><strong>Laoms</strong></span> <span class='ocrx_word' id='word_1_206' title='bbox 480 1926 579 1958; x_wconf 87' lang='lat' dir='ltr'><strong>Serm.</strong></span> <span class='ocrx_word' id='word_1_207' title='bbox 602 1926 674 1958; x_wconf 89' lang='lat' dir='ltr'>XII.</span> <span class='ocrx_word' id='word_1_208' title='bbox 1332 1933 1337 1939; x_wconf 88' lang='grc'>’</span> 
     </span>
    </p>

    <p class='ocr_par' dir='ltr' id='par_1_26' title="bbox 286 1964 1431 2134">
     <span class='ocr_line' id='line_1_37' title="bbox 351 1964 1430 2007; baseline -0.004 -9"><span class='ocrx_word' id='word_1_209' title='bbox 351 1968 396 2007; x_wconf 87' lang='lat'><strong>(5)</strong></span> <span class='ocrx_word' id='word_1_210' title='bbox 421 1968 539 2006; x_wconf 80' lang='lat' dir='ltr'><strong>fabula</strong></span> <span class='ocrx_word' id='word_1_211' title='bbox 560 1977 580 1998; x_wconf 79' lang='lat' dir='ltr'><strong>a</strong></span> <span class='ocrx_word' id='word_1_212' title='bbox 608 1967 720 2004; x_wconf 75' lang='lat' dir='ltr'><strong>fando;</strong></span> <span class='ocrx_word' id='word_1_213' title='bbox 743 1968 777 1998; x_wconf 83' lang='lat' dir='ltr'><strong>et</strong></span> <span class='ocrx_word' id='word_1_214' title='bbox 798 1967 915 1997; x_wconf 82' lang='lat' dir='ltr'><strong>dicitur</strong></span> <span class='ocrx_word' id='word_1_215' title='bbox 936 1966 973 1996; x_wconf 84' lang='lat' dir='ltr'><strong>de</strong></span> <span class='ocrx_word' id='word_1_216' title='bbox 996 1966 1036 1996; x_wconf 88' lang='lat' dir='ltr'><strong>iis</strong></span> <span class='ocrx_word' id='word_1_217' title='bbox 1065 1966 1201 2004; x_wconf 85' lang='lat' dir='ltr'><strong>proprie,</strong></span> <span class='ocrx_word' id='word_1_218' title='bbox 1223 1964 1345 2003; x_wconf 76' lang='lat' dir='ltr'><strong>quaein</strong></span> <span class='ocrx_word' id='word_1_219' title='bbox 1366 1973 1430 1995; x_wconf 89' lang='lat' dir='ltr'><strong>om·</strong></span> 
     </span>
     <span class='ocr_line' id='line_1_38' title="bbox 286 2005 1430 2040; baseline -0.003 -2"><span class='ocrx_word' id='word_1_220' title='bbox 286 2009 374 2039; x_wconf 87' lang='lat' dir='ltr'><strong>nium</strong></span> <span class='ocrx_word' id='word_1_221' title='bbox 396 2018 448 2040; x_wconf 88' lang='lat' dir='ltr'><strong>ore</strong></span> <span class='ocrx_word' id='word_1_222' title='bbox 470 2010 504 2039; x_wconf 85' lang='lat' dir='ltr'><strong>et</strong></span> <span class='ocrx_word' id='word_1_223' title='bbox 525 2018 666 2040; x_wconf 84' lang='lat' dir='ltr'><strong>sermone</strong></span> <span class='ocrx_word' id='word_1_224' title='bbox 687 2010 771 2040; x_wconf 84' lang='lat' dir='ltr'><strong>sunt.</strong></span> <span class='ocrx_word' id='word_1_225' title='bbox 801 2009 939 2039; x_wconf 71' lang='lat' dir='ltr'><strong>Fabulae</strong></span> <span class='ocrx_word' id='word_1_226' title='bbox 960 2016 1010 2038; x_wconf 79' lang='lat' dir='ltr'><strong>res</strong></span> <span class='ocrx_word' id='word_1_227' title='bbox 1038 2016 1130 2038; x_wconf 77' lang='lat' dir='ltr'><strong>veras</strong></span> <span class='ocrx_word' id='word_1_228' title='bbox 1146 2006 1263 2039; x_wconf 85' lang='lat' dir='ltr'><strong>idcirco</strong></span> <span class='ocrx_word' id='word_1_229' title='bbox 1276 2007 1311 2037; x_wconf 78' lang='lat' dir='ltr'><strong>et</strong></span> <span class='ocrx_word' id='word_1_230' title='bbox 1334 2005 1430 2036; x_wconf 60' lang='lat' dir='ltr'><strong>falsus</strong></span> 
     </span>
     <span class='ocr_line' id='line_1_39' title="bbox 287 2047 1431 2090; baseline -0.003 -10"><span class='ocrx_word' id='word_1_231' title='bbox 287 2050 460 2090; x_wconf 82' lang='lat' dir='ltr'><strong>respiciunt</strong></span> <span class='ocrx_word' id='word_1_232' title='bbox 475 2050 522 2090; x_wconf 90' lang='lat' dir='ltr'><strong>(V.</strong></span> <span class='ocrx_word' id='word_1_233' title='bbox 537 2051 679 2082; x_wconf 72' lang='lat' dir='ltr'><strong>PnAnnn.</strong></span> <span class='ocrx_word' id='word_1_234' title='bbox 695 2052 766 2082; x_wconf 88' lang='lat' dir='ltr'><strong>Lib.</strong></span> <span class='ocrx_word' id='word_1_235' title='bbox 781 2051 798 2080; x_wconf 94' lang='grc' dir='ltr'>Ι</span> <span class='ocrx_word' id='word_1_236' title='bbox 812 2051 947 2089; x_wconf 70' lang='lat' dir='ltr'><strong>pr010g.;</strong></span> <span class='ocrx_word' id='word_1_237' title='bbox 965 2051 998 2080; x_wconf 89' lang='lat' dir='ltr'><strong>et</strong></span> <span class='ocrx_word' id='word_1_238' title='bbox 1014 2050 1050 2081; x_wconf 89' lang='lat' dir='ltr'><strong>L.</strong></span> <span class='ocrx_word' id='word_1_239' title='bbox 1077 2050 1127 2086; x_wconf 88' lang='lat'><strong>11,</strong></span> <span class='ocrx_word' id='word_1_240' title='bbox 1151 2049 1188 2086; x_wconf 83' lang='lat' dir='ltr'><strong>V,</strong></span> <span class='ocrx_word' id='word_1_241' title='bbox 1215 2047 1278 2088; x_wconf 89' lang='grc'><strong>6.).</strong></span> <span class='ocrx_word' id='word_1_242' title='bbox 1300 2047 1364 2078; x_wconf 81' lang='lat' dir='ltr'><strong>Nos</strong></span> <span class='ocrx_word' id='word_1_243' title='bbox 1385 2047 1431 2077; x_wconf 77' lang='lat' dir='ltr'><strong>fa·</strong></span> 
     </span>
     <span class='ocr_line' id='line_1_40' title="bbox 287 2089 1429 2134; baseline -0.002 -12"><span class='ocrx_word' id='word_1_244' title='bbox 287 2092 391 2122; x_wconf 81' lang='lat' dir='ltr'><strong>hulam</strong></span> <span class='ocrx_word' id='word_1_245' title='bbox 416 2092 506 2129; x_wconf 74' lang='lat' dir='ltr'><strong>vulgo</strong></span> <span class='ocrx_word' id='word_1_246' title='bbox 522 2093 653 2123; x_wconf 83' lang='lat' dir='ltr'><strong>dicimus</strong></span> <span class='ocrx_word' id='word_1_247' title='bbox 669 2102 716 2123; x_wconf 83' lang='lat' dir='ltr'><strong>un</strong></span> <span class='ocrx_word' id='word_1_248' title='bbox 731 2093 885 2123; x_wconf 77' lang='lat' dir='ltr'><strong>discorso.</strong></span> <span class='ocrx_word' id='word_1_249' title='bbox 902 2092 938 2122; x_wconf 87' lang='lat' dir='ltr'><strong>In</strong></span> <span class='ocrx_word' id='word_1_250' title='bbox 951 2092 1007 2121; x_wconf 85' lang='lat' dir='ltr'><strong>hoc</strong></span> <span class='ocrx_word' id='word_1_251' title='bbox 1022 2091 1090 2134; x_wconf 80' lang='lat' dir='ltr'><strong>loco</strong></span> <span class='ocrx_word' id='word_1_252' title='bbox 1101 2091 1139 2121; x_wconf 84' lang='lat' dir='ltr'><strong>de</strong></span> <span class='ocrx_word' id='word_1_253' title='bbox 1153 2099 1226 2121; x_wconf 81' lang='lat' dir='ltr'><strong>vera</strong></span> <span class='ocrx_word' id='word_1_254' title='bbox 1238 2089 1429 2120; x_wconf 72' lang='lat' dir='ltr'><strong>narratione.</strong></span> 
     </span>
    </p>
   </div>
  </div>
 </body>
</html>
