1566 2482
652 133 806 167 Anam
831 112 1032 166 annmrn

377 245 514 284 Pelliee
540 244 616 284 iam
642 256 756 294 puero
782 244 904 295 magis
930 243 1152 295 indignante
1178 256 1315 285 sorore.

376 299 480 337 Haec
498 310 633 338 caussa
650 300 706 337 est
719 300 756 337 et
775 299 878 348 origo
891 299 996 347 mali,
1009 299 1106 348 quod
1120 299 1244 338 saecla
1261 299 1407 338 vetusto

377 352 535 400 Hospite
562 354 742 400 regnante
769 352 906 392 crudus
934 354 1062 402 stupor
1089 364 1200 392 aurea
1228 352 1359 391 finxit:

376 406 551 454 Quodque
580 416 675 444 novo
702 405 854 455 ingenio
881 409 1052 445 versutus
1081 406 1262 455 Iuppiter,
1293 407 1399 445 astus

377 458 606 508 Multiplices
625 459 822 508 variosque
843 459 945 498 dolos
963 460 1124 506 texebat,
1145 461 1189 498 ut
1207 459 1329 507 illum,
1353 460 1402 498 75

378 513 530 552 Vertere
549 524 663 561 quum
688 513 799 552 vellet
816 513 950 562 pellem
980 513 1041 565 (1)
1055 512 1277 562 faciemque,
1297 514 1405 561 puta-

378 621 470 659 Esse
496 620 642 667 bovem,
672 618 842 668 praedari
869 620 1049 669 aquilam,
1079 565 1408 669 concumbergrgssf

379 728 428 766 Et
447 737 617 766 nummos
646 727 725 765 fieri
738 727 820 778 (2),
842 727 879 766 et
897 727 1078 776 gremium
1096 672 1404 832 penetrarffssiliffis

1347 792 1404 820 ae.

381 834 481 872 Nam
510 833 599 882 quid
627 833 819 873 rusticitas
847 844 923 873 non
950 835 1111 874 crederet
1145 834 1409 874 indomitorum

381 887 503 925 Stulta
513 887 634 926 virum
655 887 714 938 (3)
724 918 733 936 ,
744 887 902 936 pecudes
915 888 1011 928 inter
1024 888 1191 937 ritusque
1204 887 1342 927 ferinos
1358 889 1408 927 80

380 941 521 979 Dedere
548 943 654 979 sueta
681 941 847 979 animum
875 941 956 980 diae
974 942 1132 981 rationis
1147 944 1331 990 egenum?
1345 941 1406 992 (4)

381 995 428 1032 In
457 1006 726 1043 quamcumque
754 995 864 1033 fidem
892 996 1086 1035 nebulonis
1114 995 1251 1034 callida
1277 995 1435 1086 traxint(

379 1048 574 1095 Nequitia,
604 1048 734 1086 infelix
761 1047 910 1087 facilem
937 1061 1031 1098 gens
1058 1048 1229 1098 praebuit
1263 1060 1351 1088 aure
1396 1078 1406 1088 .

325 1101 510 1139 Successit
538 1101 640 1140 Iovis
669 1101 830 1149 imperio
850 1102 1055 1150 corruptior
1082 1103 1201 1149 aetas,

380 1155 481 1200 Quae
509 1154 633 1194 docuit
659 1154 801 1203 rigidos
829 1155 934 1195 vitiis
963 1155 1098 1195 servire
1126 1155 1275 1195 colonos
1357 1155 1407 1195 85

381 1208 558 1254 Expertes
585 1207 735 1246 furandi
763 1208 948 1248 homines.
975 1210 1058 1248 Hac
1086 1209 1218 1248 imbuit
1245 1210 1324 1248 arte

379 1261 583 1300 Mercurius
596 1261 672 1311 (5),
685 1261 788 1300 Maia
798 1262 964 1311 genitus:
975 1274 1076 1302 nunc
1086 1274 1247 1312 magnus
1253 1263 1411 1302 habetur

340 1395 389 1436 (1)
418 1395 548 1426 Vertere
570 1406 671 1435 quum
705 1397 798 1426 vellet
820 1398 953 1437 pellem.
986 1398 1107 1430 Effreni
1133 1398 1263 1429 libidine
1290 1397 1409 1430 inflam-

277 1440 383 1470 matus
405 1438 510 1468 varias
531 1438 670 1477 luppiter
692 1438 807 1470 formas
829 1440 890 1470 sibi
911 1440 1045 1479 p'acitas
1064 1441 1220 1478 sumebat,
1243 1441 1322 1478 quod
1344 1441 1411 1478 qui-

278 1482 349 1512 dem
372 1480 549 1510 Gnssoomvs
571 1480 790 1511 Nazmnznnvs
814 1482 901 1512 videt
931 1483 964 1512 in
997 1482 1083 1514 Orat.
1110 1484 1220 1513 contra
1246 1483 1410 1515 Iulianum.

278 1523 444 1554 Auromvs
464 1524 582 1559 autem,
607 1525 697 1560 poeta
718 1523 832 1553 saeculi
857 1523 882 1553 V
910 1523 1058 1554 adversus
1090 1524 1232 1562 Pagauos
1264 1524 1302 1555 do
1326 1525 1408 1556 Iove:

279 1575 297 1593 «
320 1564 409 1594 Nunc
430 1572 567 1601 serpens,
591 1572 671 1594 nunc
699 1564 810 1594 taurus
838 1566 919 1601 erat,
943 1574 1024 1596 nunc
1053 1575 1166 1604 cycnus
1194 1567 1228 1597 et
1259 1567 1350 1597 arbos
1368 1581 1407 1589 —-

278 1606 377 1642 Seque
406 1605 614 1640 immutando,
649 1605 750 1642 qualis
779 1606 884 1642 suerit,
916 1607 1038 1638 iudicat·
1063 1608 1129 1646 ipse
1149 1624 1194 1631 —
1213 1607 1287 1638 Plus
1308 1608 1412 1638 aliena

277 1648 350 1685 sibi,
374 1655 467 1684 quam
489 1647 616 1685 propria
638 1647 737 1678 forma
757 1647 902 1686 placebat
924 1659 942 1678 »
965 1649 1002 1682 V.
1026 1651 1179 1686 nostrum,
1202 1647 1288 1696 Περὶ
1311 1647 1411 1695 Στεφ.

277 1701 320 1738 X,
343 1700 415 1732 268.

343 1742 391 1780 (2)
415 1741 456 1771 Et
477 1750 627 1772 nummos
647 1743 734 1779 fieri.
751 1743 888 1773 Eandem
904 1743 1066 1775 lectionem
1082 1744 1177 1775 habet
1191 1744 1340 1778 msam..
1357 1744 1412 1782 qui

278 1784 384 1814 tamen
407 1784 439 1812 in
460 1784 600 1820 margine
620 1794 725 1814 serere
754 1786 898 1821 notavit;
923 1794 1001 1822 quae
1027 1786 1120 1816 lectio
1150 1787 1238 1817 varia
1264 1787 1412 1825 probatur

279 1825 405 1855 Theolio
432 1828 547 1861 nostro,
570 1829 678 1863 estque
709 1827 741 1856 in
775 1835 834 1857 uno
866 1827 933 1857 cod.
957 1836 1044 1858 m.m.
1068 1827 1357 1866 Rottendorphiano
1378 1829 1412 1860 et

279 1866 360 1905 apud
382 1866 555 1898 Heinsiuni.
574 1867 576 1869 ’

342 1908 388 1946 (3)
408 1908 514 1938 stulta
535 1909 664 1938 viram:
685 1917 772 1947 sync.
795 1917 849 1948 pro
870 1910 1033 1940 virorum.

343 1949 390 1987 (4)
411 1951 562 1980 animum
583 1950 657 1980 diae
679 1951 824 1982 ναιίοηίε
844 1960 990 1989 cycnum,
1007 1953 1169 1990 tamquam
1184 1961 1295 1992 pecora
1316 1963 1335 1982 «
1350 1953 1411 1983 hu-

279 2000 398 2021 manae
419 1992 559 2022 rationis
579 1993 703 2031 eqeutia
720 2003 750 2029 »‚
767 1993 814 2023 uti
829 1993 945 2024 cecinit
965 1993 999 2024 S.
1015 1993 1175 2026 anws
1197 1995 1230 2026 iu
1245 1994 1296 2027 dle
1310 1993 1413 2028 natal.

281 2032 315 2063 S.
338 2032 466 2070 Felicis,
488 2033 590 2064 Carni.
613 2033 685 2070 XII,
710 2034 763 2067 23.

343 2073 391 2114 (5)
412 2075 486 2105 Hac
506 2075 626 2105 imbuit
652 2078 722 2107 arte
743 2075 943 2114 Mercurius,
965 2075 1039 2108 deus
1060 2076 1093 2108 in
1116 2078 1203 2110 cuius
1224 2077 1325 2110 tutela
1345 2077 1408 2110 fue·
