1566 2482
250 169 328 214 236
586 164 588 166 ’
634 181 787 210 Avelim
814 181 1016 211 Pavonum

300 289 533 329 Culminibus
561 290 715 329 summis
744 290 860 338 sedet,
890 302 938 329 an
967 291 1171 339 penetralia
1199 292 1349 330 servat?

299 344 472 382 Instituit
499 354 632 392 mores,
662 345 698 382 et
726 344 808 382 iura
834 344 996 383 forensia
1023 344 1176 383 condit?

298 398 361 436 An
388 397 592 436 castrorum
620 397 735 436 etiam
762 398 872 436 fossis
899 398 1127 437 intervenit?
1155 409 1259 438 acres
1300 399 1380 438 400

298 450 407 498 Cogit
436 451 484 488 ad
512 462 616 489 arma
635 451 747 498 viros,
769 450 873 489 lituis
892 451 979 498 ciet,
1009 453 1119 500 urget
1136 451 1176 490 in
1205 452 1380 491 hostem?

299 504 398 550 Quae
427 504 511 552 quis
538 515 613 543 non
640 504 766 542 videat
792 504 1003 552 sapientum
1030 505 1146 553 digna
1172 505 1382 544 cachinno?

298 557 505 605 Fingamus
531 559 656 598 tamen
683 570 763 597 esse
792 558 971 607 aliquam,
1002 570 1095 606 quae
1123 558 1216 597 talia
1243 561 1360 606 curet,

299 611 476 648 Vmbram
505 611 582 650 sive
601 611 781 658 animam,
811 623 875 659 per
894 623 1005 660 quam
1033 612 1242 659 respublica
1259 612 1381 650 fatum

299 664 493 711 Hauserit,
523 666 559 703 et
586 665 719 703 calidis
747 665 932 703 animetur
959 666 1038 703 tota
1065 665 1251 704 medullis.
1301 667 1378 704 405

300 718 372 756 Gur
399 729 474 756 non
503 718 594 757 haec
621 718 748 756 eadem
777 719 820 757 de
848 718 1040 766 relligione
1068 718 1223 757 colenda

298 771 527 809 Consultat?
554 783 619 810 cur
647 783 722 810 non
750 773 940 820 suspectat
966 772 1083 810 libera
1109 772 1282 811 caelum?

301 825 374 862 Cur
402 824 474 863 sibi
502 825 768 873 praescriptum
797 837 873 864 non
899 826 1157 864 commutabile
1185 825 1318 872 fatum,

299 878 351 916 Vt
378 878 540 926 captiva,
571 881 707 927 putat?
726 879 874 928 genesis
902 890 967 917 cur
994 879 1144 918 vincula
1171 879 1283 928 fingIt
1304 879 1381 927 (l)‘?

300 932 372 969 Cur
390 932 465 969 iam
485 932 582 970 nelle
601 932 702 980 licet,
724 933 822 980 quod
841 934 931 970 tunc
952 932 1112 971 voluisse
1130 932 1279 980 licebat,
1302 933 1379 971 410

299 985 520 1034 Erroresque
549 987 693 1024 abolere
722 998 822 1033 suos,
853 998 896 1024 ac
924 986 1067 1024 flectere
1096 988 1256 1024 sensus?

299 1038 357 1076 Sic
385 1040 631 1087 septingentis
659 1040 794 1078 erravit
823 1039 967 1078 circiter
994 1039 1119 1086 annis,

298 1092 527 1140 Lubricaque
546 1094 583 1130 et
601 1105 742 1141 semper
760 1093 951 1139 dubitans,
970 1104 1063 1140 quae
1082 1092 1199 1130 forma
1217 1092 1380 1140 placeret

298 1146 466 1193 Imperii,
497 1157 590 1193 quae
617 1138 798 1195 regnamsi
826 1146 920 1184 foret
946 1157 1063 1194 aequa
1091 1147 1270 1193 potestas.

298 1198 438 1246 Regius
452 1200 613 1237 exortam
629 1199 703 1237 iam
717 1201 807 1238 tunc
826 1199 957 1238 habuit
975 1201 1097 1238 status
1115 1200 1266 1246 Vrbem,
1299 1200 1376 1238 415

299 1252 385 1290 Non
413 1252 492 1290 sine
520 1253 744 1300 grandaevis
771 1264 942 1291 curarum
971 1253 1011 1290 in
1038 1254 1143 1300 parte
1170 1253 1318 1292 locatis.

298 1306 384 1343 Mox
411 1317 577 1354 proceres
606 1307 648 1344 de
677 1307 792 1354 stirpe
821 1318 949 1345 senum
976 1308 1158 1344 tractasse
1187 1307 1352 1345 videmus

299 1358 454 1397 Clavum
483 1359 653 1398 consilii:
685 1360 847 1408 plebeias
875 1361 960 1398 iude
989 1361 1157 1398 catervas

299 1412 462 1451 Collatas
489 1414 660 1461 patribus
688 1414 833 1451 mixtim
863 1413 1066 1452 ditionibus
1094 1413 1237 1461 aequis,

298 1466 537 1513 Imperitasse
566 1467 644 1514 diu,
674 1467 841 1515 belloque
869 1469 906 1505 et
933 1478 1022 1515 pace
1050 1466 1235 1514 regendis.
1303 1467 1380 1505 420
1411 1486 1416 1492 ⁴
1460 1460 1463 1463 μ

299 1520 457 1558 Consule
486 1520 664 1558 nobilitas
680 1520 823 1569 viguit:
847 1520 952 1568 plebs
967 1521 1036 1558 fisa
1056 1520 1204 1558 tribuno
1232 1521 1290 1558 est
1310 1521 1377 1568 (2).

298 1572 480 1620 Displicet
508 1573 568 1612 hic
596 1574 719 1612 subito
747 1575 883 1620 status,
913 1576 951 1612 et
977 1573 1036 1611 bis
1065 1574 1180 1621 quina
1208 1574 1380 1612 creantur

298 1627 527 1665 Summorum
556 1639 745 1675 procerum
773 1627 928 1676 fastigia
958 1629 1025 1675 (3),
1057 1638 1148 1675 quos
1177 1626 1336 1665 duodeni

245 1702 315 1732 cum
331 1703 439 1733 umbra
461 1704 568 1741 ignoti
589 1704 703 1734 Romae
720 1704 854 1735 volitans
869 1713 924 1742 per
939 1713 1043 1735 aerem
1058 1713 1128 1735 011111
1144 1703 1317 1734 vulturibus
1333 1697 1380 1734 as}

245 1745 379 1785 sumpsit
400 1745 437 1775 de
459 1746 586 1785 repente
608 1746 738 1776 sormam
761 1755 800 1776 ex
822 1747 925 1776 nube?
949 1756 966 1774 »

308 1791 352 1831 (1)
371 1793 498 1830 yenesis
519 1794 723 1823 cau-vincula
745 1794 864 1831 finyit?
886 1793 911 1823 A
934 1793 1056 1823 Latinis
1076 1785 1204 1832 γένεσις
1227 1793 1381 1832 'accipitur

245 1842 299 1870 pro
320 1833 421 1864 sidere
443 1835 603 1870 natalitio,
625 1835 682 1865 sub
705 1843 765 1872 quo
787 1835 856 1871 quis
873 1836 967 1866 natus
982 1840 1042 1871 est,
1058 1837 1090 1864 et
1105 1843 1142 1864 ex
1158 1843 1217 1872 quo
1233 1835 1319 1866 vitae
1334 1835 1379 1865 fu·

243 1877 337 1905 turae
367 1877 482 1906 sortem
512 1876 656 1914 pertendi
687 1876 854 1914 putabant.
891 1876 927 1907 V.
952 1876 1099 1906 Ivvnmx..
1125 1876 1193 1907 Sat.
1217 1877 1271 1913 VI,
1294 1877 1377 1911 578:

246 1917 378 1948 Svs‘ron.
406 1917 537 1956 Vespas.
560 1918 644 1948 XIV.
959 1936 962 1939 -

307 1959 351 1997 (2)
369 1959 465 1997 plebs
486 1960 549 1997 fisa
570 1959 704 1989 tribuno
724 1961 783 1990 eet.
806 1958 878 1989 Fisa
900 1960 985 1997 part.
1001 1968 1021 1989 a
1036 1959 1108 1995 fido,
1123 1957 1159 1991 is.
1174 1959 1306 1991 Italico:
1323 1958 1380 1990 che

244 1999 271 2069 sVi
293 1999 400 2037 affida,
422 2001 478 2031 che
499 2003 550 2031 sta
571 2010 590 2031 a
604 2025 611 2033 .
628 2025 635 2032 .
651 2022 660 2030 .
676 2024 683 2037 ‚
701 2002 738 2031 ut
751 2001 833 2039 apud
855 2000 947 2032 Ovio.
971 2001 1048 2032 Met.
1073 2001 1142 2038 XV,
1166 2001 1238 2034 827.
1258 1999 1377 2032 ch‘An.

307 2083 352 2121 (3)
384 2084 433 2114 bie
453 2085 555 2123 quina
577 2087 754 2116 ‹tt-eantur.
772 2107 779 2114 .
797 2105 805 2115 .
828 2084 979 2122 fastigia.
1011 2085 1184 2115 Decemviri
1219 2085 1311 2121 sunt,
1341 2083 1378 2114 110

246 2124 356 2160 quibus
380 2128 490 2156 narrat
513 2126 617 2156 Livius
640 2127 672 2156 L.
695 2126 753 2162 111,
777 2126 830 2157 42.
