1566 2482
578 162 582 163 ⁷
610 125 903 192 retenoncma
918 164 923 167 ·
954 167 956 169 >
1255 151 1332 195 149

182 275 263 313 Nec
288 273 433 322 patitur
460 273 582 313 vitare
609 274 726 322 focos,
756 274 893 323 quibus
920 276 1072 314 aestuat
1098 287 1246 324 aurum,

183 327 290 375 Quod
318 327 377 377 (1)
406 327 500 376 petit
527 340 682 377 arsurus
709 328 850 377 pariter
876 329 1086 378 speculator
1114 336 1265 370 avarus.
1302 347 1309 349 f

184 382 302 421 Omne
330 381 526 421 hominum
552 382 654 432 rapit
680 382 749 421 illa
775 394 911 431 genus,
941 383 1117 422 mortalia
1143 387 1281 424 cuncta

184 436 352 484 Occupat
378 435 550 483 interitu,
582 448 702 485 neque
729 439 788 476 est
814 437 1014 476 violentius
1042 438 1162 477 ullum

184 489 382 528 Terrarum
409 489 558 537 vitium,
587 490 686 540 quod
713 490 833 529 tantis
860 491 1030 530 cladibus
1057 504 1188 530 aevum
1254 494 1331 531 495

182 543 371 582 Mundani
396 543 566 582 involvat
591 544 733 593 populi,
763 545 987 594 damnetque
1014 546 1222 594 gehennae.

182 597 282 644 Quin
310 597 413 645 ipsos
439 599 586 637 tentare
614 610 729 637 manu
758 598 817 647 (si
845 599 990 638 credere
1019 599 1176 648 dignum
1203 599 1288 651 est)

184 651 295 690 Ausa·
315 651 530 690 Sacerdotes
560 652 710 691 Domini
738 651 821 702 (2),
845 653 910 702 qui
937 653 1080 701 praelia
1106 653 1201 692 forte

182 705 366 743 Ductores
392 705 553 754 primam
580 708 668 745 ante
696 706 815 745 aciem
842 718 909 755 pro
933 707 1046 746 laude
1070 708 1254 756 gerebant

182 758 390 806 Virtutum,
418 771 628 809 magnoque
655 760 863 809 implebant
889 761 1050 800 classica
1077 761 1184 801 flatu.
1254 757 1331 801 500

182 812 233 850 Et
259 811 337 851 fors
366 812 427 863 (3)
456 813 617 852 innocuo
643 814 820 853 tinxisset
847 815 1031 863 sanguine
1058 814 1213 863 ferrum,

182 865 236 904 Ni
263 866 376 905 Ratio
403 867 634 915 armipotens
662 867 737 918 (4),
767 868 893 917 gentis
920 868 1103 908 Levitidis
1130 881 1208 909 una

181 920 333 968 Semper
358 920 434 959 fida
461 932 599 970 comes,
629 921 800 970 clypeum
827 922 1067 970 obiectasset,
1097 925 1136 962 et
1163 925 1268 964 atrae

182 973 317 1012 Hostis
342 974 391 1012 ab
418 974 572 1014 incursu
599 975 722 1014 claros
750 975 905 1015 texisset
931 976 1119 1016 alumnos.
1147 992 1150 994 ·
1306 982 1309 983 ’

182 1027 293 1065 Stant
317 1028 392 1066 tuti
418 1029 592 1068 Rationis
620 1040 704 1077 ope,
734 1031 840 1068 stant
865 1030 1016 1069 turbine
1043 1031 1092 1069 ab
1119 1031 1220 1070 omni
1249 1032 1328 1070 505

182 1081 390 1128 Immunes,
419 1081 612 1131 fortesque
632 1082 774 1122 animi:
805 1083 868 1122 vix
895 1084 936 1122 in
963 1088 1047 1123 cute
1075 1097 1222 1123 summa

183 1134 472 1184 Praestringens
499 1148 638 1184 paucos
664 1137 770 1176 tenui
797 1138 841 1176 de
870 1138 1023 1176 vulnere
1050 1138 1168 1177 laedit

183 1188 318 1236 Cuspis
345 1189 555 1229 Avaritiae.
584 1191 736 1239 Stupuit
762 1191 837 1229 luis
866 1193 923 1241 (5)
953 1192 1121 1240 improba
1149 1193 1265 1232 castis

183 1241 349 1280 Heroum
376 1243 518 1292 iugulis
546 1244 658 1293 longe
686 1256 756 1283 sua
781 1245 859 1283 tela
886 1246 1029 1293 repelli.

181 1296 361 1344 Ingemit,
390 1299 427 1335 et
454 1297 564 1337 dictis
592 1298 730 1337 ardens
756 1298 955 1338 furialibus
984 1299 1092 1339 infit:
1250 1301 1328 1340 510

182 1370 228 1376 —
240 1363 261 1383 «
277 1350 472 1390 Vincimur
500 1352 571 1390 heu
599 1364 748 1401 segnes,
765 1364 833 1391 nec
847 1354 977 1391 nostra
995 1354 1163 1402 potentia
1178 1355 1330 1402 perfert

181 1403 270 1442 Vim
295 1404 461 1452 solitam,
491 1405 649 1454 languet
676 1406 857 1445 violentia
884 1414 996 1445 saeva
1024 1409 1198 1455 nocendi,

181 1457 359 1496 Sueverat
383 1459 534 1497 invictis
562 1471 655 1507 quae
684 1460 825 1498 viribus
853 1461 979 1499 omnia
1005 1462 1143 1510 ubique

183 1511 366 1559 Rumpere
383 1512 496 1551 corda
514 1513 719 1559 hominum;
753 1525 818 1552 nec
846 1515 946 1552 enim
965 1517 1043 1552 tam
1062 1515 1180 1553 ferrea
1199 1527 1325 1563 quem-

1239 1581 1326 1608 uam

181 1618 373 1657 Formavit
399 1620 538 1658 natura
565 1619 703 1667 virum,
734 1620 839 1659 cuius
868 1621 970 1669 rigor
997 1633 1084 1660 aera
1196 1567 1236 1620 [q
1249 1623 1325 1661 515

245 1784 294 1825 (1)
320 1786 410 1822 Quod
421 1787 503 1825 petit
517 1795 678 1821 arsurus,
690 1804 733 1810 —-
746 1787 798 1819 Ita
813 1797 883 1818 611111
899 1789 1038 1819 Τ111101,10
1054 1789 1223 1828 descripsit
1237 1790 1328 1821 Gisc-

180 1835 283 1858 11313.
298 1828 378 1859 Alii:
401 1837 484 1867 quae
501 1830 599 1869 petit.

244 1869 290 1907 (2)
314 1870 408 1900 Ausa
428 1870 608 1901 sacerdotes
628 1872 777 1902 Domini.
800 1872 991 1903 Divitiarum
1014 1874 1151 1903 aviditas
1174 1873 1220 1903 vel
1245 1874 1328 1912 ipsos

179 1910 356 1941 sacerdotes
376 1913 546 1949 pertentet.

244 1952 290 1991 (3)
313 1953 394 1990 fore,
417 1953 641 1994 adverbialiter
663 1964 718 1993 pro
746 1955 861 1992 forsan,
886 1955 1030 1987 forsitan.

227 1993 290 2065 b(4)
312 1995 360 2025 m
389 1996 476 2025 ratio
507 1997 730 2035 armipotens.
758 1997 872 2035 Ratio,
904 1998 959 2028 sed
993 1998 1150 2030 catholiea
1179 1998 1326 2031 doctrina

181 2035 224 2065 im
249 2040 316 2067 uta.

244 2077 294 2116 (5)
318 2077 387 2108 luis
406 2086 461 2116 pro
483 2077 564 2109 lues.
592 2080 630 2112 V.
646 2081 839 2120 Hamartiq.
862 2082 941 2118 250:
965 2083 999 2112 et
1027 2082 1103 2113 alibi
1133 2082 1323 2114 Prudentius

180 2119 234 2149 ubi
256 2118 349 2149 huius
371 2121 455 2150 vocis
469 2122 590 2153 exitum
614 2122 651 2151 in.
669 2132 703 2151 es
724 2123 757 2152 et.
777 2124 809 2152 ise
831 2123 913 2153 ultro
936 2124 1110 2162 usurpavit.
