1566 2482
0 2447 29 2482 51»

407 179 550 211 comm
578 170 773 211 sYnAcm
799 174 1017 208 ommonem
1091 166 1093 168 ’
1204 162 1281 204 235

125 341 130 345 ³
195 293 254 333 Sic
280 291 485 331 interfusas
511 289 701 338 intelligo,
732 287 892 336 sangnis
918 288 961 326 nt
989 298 1043 325 ex.
1062 285 1123 324 his

195 346 370 395 Accipiat
398 345 612 395 motumque
642 343 777 388 levem,
817 342 1058 389 tenerumque
1090 349 1280 388 vaporem.

197 401 302 440 Vnde
330 397 528 448 pererratis
555 397 702 446 vegetet
727 394 942 444 praecordia
969 392 1160 440 membris,
1191 390 1285 445 [380

196 453 351 503 Frigida.
378 451 596 498 succendat,
625 450 724 499 riget
751 449 874 495 arida,
906 448 999 486 dura
1027 447 1182 486 relaxet.

195 508 256 547 Sic
281 505 445 546 hominis
470 505 588 544 vitam
617 504 689 542 sibi
716 503 900 551 temperat
927 503 1037 550 atque
1066 501 1254 550 gubernat

197 561 336 601 Vivida
362 571 483 606 mens,
513 569 626 607 qnam
651 559 695 596 tu
722 557 809 595 ficto
837 566 1054 603 componere
1081 555 1208 593 tentas

200 616 391 654 Murorum
411 611 528 652 Genio
549 611 617 660 (1),
641 610 705 660 qui
723 621 910 659 nusquam
929 610 1001 656 est,
1023 620 1092 647 nec
1113 607 1187 646 fuit
1207 618 1288 645 um-

1150 661 1288 710 [quam.

201 722 299 769 Quin
326 723 363 760 et
389 720 602 769 corporibus
629 719 756 758 versat
782 729 888 755 mens
915 717 1003 755 viva
1021 715 1193 765 regendis
1213 715 1290 753 305

202 777 392 814 Summum
418 773 630 820 consilium,
661 772 736 810 fida
762 773 806 809 ut
831 770 1001 809 tutacula
1027 769 1139 808 nudis
1265 767 1267 769 ’

203 828 460 877 Invalidisque
487 828 608 876 paret,
637 825 836 864 metuenda
862 824 1028 872 pericula
1054 822 1173 861 vitet:

203 883 303 922 Vtile
330 881 547 930 prospiciat,
576 879 702 918 varias
730 878 892 927 agitetur
920 877 969 915 ad
996 878 1120 922 artes3

211 936 417 982 Consultet,
446 935 507 973 cui
535 945 573 972 se
601 933 749 972 domino
777 931 986 978 submittat,
1015 933 1053 969 et
1080 930 1179 968 orbis
1216 929 1293 967 390

207 991 322 1037 Quem
340 990 446 1037 putet
460 989 660 1034 auctorem,
678 997 785 1034 quem
806 997 927 1023 rerum
941 996 1089 1023 summa
1103 984 1292 1032 sequatur.

208 1045 260 1082 At
286 1045 374 1081 tuns
401 1042 463 1080 hic
490 1041 594 1080 urbis
621 1039 776 1086 Genius,
808 1039 912 1078 dicas
939 1039 1037 1085 volo,
1068 1037 1217 1086 quando

208 1097 336 1145 Coepit
363 1096 484 1134 adhuc
511 1106 649 1143 parvae
667 1093 828 1142 primum
856 1104 895 1131 se
913 1091 1109 1130 infundere
1137 1092 1294 1136 Romae,

209 1150 335 1189 Fluxit
362 1149 410 1187 ab
436 1148 612 1187 uberibus
639 1157 833 1186 nemorosa
860 1146 901 1184 in
927 1145 1025 1184 valle
1052 1144 1209 1193 lupinis,

210 1204 454 1252 Infantesque
470 1202 564 1241 aluit
585 1202 651 1249 (2),
669 1201 757 1239 dum
775 1199 945 1238 nascitur
967 1199 1063 1247 ipse,
1079 1198 1284 1247 gemellos?

213 1260 275 1296 An
304 1268 388 1296 cum
414 1255 624 1295 vulturibus
650 1254 814 1293 volitans
844 1254 894 1302 (3)
924 1253 1056 1302 ignota
1082 1264 1147 1300 per
1174 1262 1287 1290 auras

210 1311 351 1351 Vmbra
381 1310 448 1359 (4),
477 1308 710 1358 repentinam
737 1307 853 1346 traxit
881 1307 925 1345 de
953 1307 1050 1344 nube
1078 1306 1262 1354 figuram?

224 1458 274 1500 (1)
296 1468 397 1498 quam
419 1461 457 1488 tu
478 1459 553 1496 ficto
573 1466 762 1497 componere
783 1459 891 1486 tentae
910 1457 1087 1486 Mur-orum
1110 1454 1223 1486 Genio.
1244 1453 1301 1484 De-

161 1502 280 1532 tortam
300 1500 383 1530 hanc
403 1500 466 1530 sibi
487 1502 607 1531 veteres
621 1500 796 1538 opinionem
812 1497 1008 1534 indiderant,
1023 1505 1085 1527 non
1097 1497 1224 1526 tantum
1239 1496 1302 1525 sin-

163 1543 247 1581 gulis
267 1542 447 1573 homiuibus
477 1543 511 1572 et
538 1542 694 1578 familiis,
725 1540 780 1571 sed
810 1541 908 1570 etiam
941 1539 1127 1569 civitatibus
1147 1537 1300 1576 Spiritum

163 1583 325 1623 quemdam
342 1583 460 1620 adesse,
476 1584 529 1620 qui
541 1583 645 1620 aedes,
659 1583 713 1620 qui
728 1582 831 1617 urbes,
848 1588 1005 1619 regnaque
1019 1581 1173 1613 tutarent,
1187 1579 1303 1616 quique

165 1627 281 1658 Genius
304 1625 439 1656 hominis
460 1625 641 1660 vocabatur,
676 1624 734 1655 aut
752 1623 811 1654 loci
841 1631 932 1661 quem
961 1622 1123 1653 inc-oleret.
1152 1621 1190 1651 V.
1221 1619 1305 1650 infra

165 1679 197 1700 v.
219 1668 296 1704 444,
319 1668 353 1698 et
372 1675 459 1704 seqq.
482 1667 550 1697 tum
572 1667 732 1698 Lacum.
758 1665 845 1696 Edit.
869 1664 969 1695 Gallei
992 1664 1028 1694 L.
1050 1664 1095 1700 11,
1117 1672 1148 1702 p.
1171 1662 1246 1693 219.
1261 1661 1304 1693 DJ

166 1710 274 1742 Geniis
295 1710 412 1743 nutam,
435 1717 488 1738 seu
511 1707 574 1739 diis
595 1707 806 1744 Tutelaribus‚
828 1707 960 1741 Patriis.
993 1706 1123 1736 Laribus
1144 1713 1180 1734 ac
1208 1703 1305 1734 Pena—

164 1753 251 1782 tibus
270 1750 421 1821 Qisseruit
439 1749 594 1780 latissime
611 1750 741 1780 IAcoBvs
755 1748 818 1780 Onn
833 1758 840 1779 :
858 1760 875 1777 «
889 1748 1063 1779 Comment.
1079 1746 1117 1777 de
1132 1746 1260 1783 Angelis
1273 1756 1303 1775 ».

167 1796 246 1824 sect.
286 1793 355 1828 ‘111‚
376 1801 405 1822 c.
430 1792 503 1824 111.

234 1833 283 1874 (2)
306 1835 519 1873 Infanteeque
539 1833 629 1864 aluit
642 1855 650 1863 .
666 1856 673 1864 .
690 1858 697 1866 .
718 1832 881 1871 yemellos.
908 1832 1036 1861 Remum
1059 1832 1092 1861 et
1113 1828 1291 1860 Romulum.

232 1876 277 1916 (3)
299 1877 355 1906 An
375 1885 450 1905 cum
481 1875 674 1905 vulturibus
706 1875 860 1906 volitans.
889 1874 971 1910 Lege
990 1873 1027 1904 T.
1060 1873 1128 1903 le.
1163 1871 1189 1906 Ι,
1224 1871 1241 1900 7
1274 1871 1308 1900 et

169 1918 271 1950 RAPH.
292 1917 454 1947 Fauna-rr.
477 1926 508 1946 v.
530 1917 571 1948 cl.
594 1928 612 1945 «
636 1917 679 1947 De
700 1916 851 1947 Columna
878 1916 1015 1945 Traiana
1047 1923 1116 1952 cap.
1152 1913 1198 1943 IX
1234 1921 1306 1951 pag.

170 1960 242 1994 302,
258 1959 312 1989 ubi
327 1967 422 1989 unum
438 1959 590 1989 nomisma
605 1959 823 1997 perantiquum
847 1957 987 1987 illustrat
1002 1957 1032 1986 in
1049 1964 1109 1992 quo
1125 1955 1223 1985 Roma
1237 1963 1307 1984 con-

168 2001 303 2039 spicitur
323 2001 462 2038 galeata,
482 2001 570 2031 cuius
589 1999 665 2039 lupa*
683 2002 734 2030 est
754 1999 794 2030 ad
816 1999 921 2037 pedes,
950 2001 984 2028 et
1012 1998 1170 2034 utrimque
1191 1996 1308 2033 gemini

170 2042 311 2073 vultures
331 2042 632 2073 circumvolitantes.

236 2084 282 2123 (4)
306 2084 360 2114 An
382 2093 456 2115 cum
477 2084 669 2115 vulturibus
690 2083 833 2114 volitans
847 2082 960 2121 iynota
969 2090 1036 2120 per
1048 2089 1154 2111 auras
1172 2079 1306 2110 Vmbra.

173 2126 256 2156 Haec
279 2126 327 2156 ita
348 2125 590 2157 CnAuitLAnnvs
611 2126 643 2156 in
665 2125 850 2164 paraphrasi
872 2133 929 2154 sua
951 2123 1103 2154 reddidit:
1130 2134 1146 2151 «
1169 2122 1216 2152 An
1238 2129 1310 2152 voro
