1566 2482
279 132 357 172 114
378 176 380 178 ,
651 145 803 174 Ami-nn
837 147 1040 176 annumn

277 252 519 301 conspicuos,
549 253 774 302 meritasque
802 253 900 293 vices
927 266 992 303 per
1018 266 1158 304 magna
1185 256 1308 295 notari

276 307 499 354 Intervalla,
529 307 637 355 polus
664 307 784 346 medio
811 319 906 356 quae
933 308 1070 347 dividit
1096 309 1196 349 orbe.

276 361 402 407 Errat,
433 361 588 409 quisque
616 362 763 400 animas
791 364 1000 401 nostrorum
1029 364 1103 402 fine
1131 363 1319 403 oculorum

277 414 465 452 Aestimat
474 426 485 464 3
515 414 676 453 involvit
702 415 819 454 vitreo
847 427 939 464 quos
966 415 1091 455 lucida
1117 417 1220 465 palla

280 468 406 507 Obiice
426 468 503 517 (1):
518 471 601 516 quis
617 469 805 516 speculum
823 471 994 508 concreta
1002 472 1161 520 coagula
1170 472 1316 519 texunt,
1335 473 1413 512 870

277 521 563 570 Impediuntque
590 534 709 570 vagas
736 523 893 562 obducto
920 524 1071 563 humore
1098 525 1296 564 fenestras.

277 576 426 613 Numne
453 576 664 614 animarum
683 577 801 616 oculis
820 578 934 616 denso
951 579 1183 626 vegetamine
1204 578 1265 628 (2)
1285 580 1414 628 guttae

278 629 488 667 Volvuntur
514 630 672 668 teretes?
700 632 766 668 aut
791 631 1067 679 palpebralibus
1098 632 1158 683 (3)
1187 634 1291 670 extra

277 678 507 721 Ho'rrescunt
534 683 640 731 setis,
669 684 801 723 ciliove
827 686 1024 724 umbrante
1051 688 1258 734 teguntur?

277 736 362 773 Illis
390 736 477 774 viva
503 736 617 783 acies,
647 749 714 776 nec
741 739 882 786 pupula
907 750 1038 787 parva,
1069 741 1133 778 sed
1160 739 1261 789 ignis
1337 740 1413 778 875

277 789 465 828 Traiector
492 790 663 838 nebulae,
694 791 792 830 vasti
820 793 858 830 et
883 794 1094 840 penetrator
1121 794 1239 842 operti
1266 795 1334 831 est.

279 842 346 881 Nil
374 842 627 891 ferrugineum
655 845 860 883 solidumve
887 845 1075 885 mentibus
1105 848 1164 897 (4)
1194 848 1334 894 obstat,

278 897 492 935 Nocturnae
521 897 657 935 cedunt
683 899 869 937 nebulae:
900 900 1094 948 nigrantia
1121 901 1258 940 cedunt

278 950 443 988 Nubila:
475 950 658 998 praetenti
686 952 786 990 cedit
814 953 871 1002 (5)
901 955 996 992 teres
1024 965 1111 992 area
1137 954 1282 993 mundi.

279 1004 359 1041 Nec
377 1004 524 1042 tantum
543 1004 662 1043 aerios
692 1005 749 1055 (6)
779 1007 862 1044 visu
881 1007 1106 1046 transmittit
1131 1009 1258 1047 hiatus
1338 1007 1415 1045 880

279 1057 439 1104 Spiritus
458 1088 466 1102 ‚
497 1058 685 1105 oppositos
713 1059 776 1097 sed
804 1061 942 1098 transit
968 1060 1108 1100 lumine
1135 1063 1293 1108 montes,

279 1110 418 1149 Oceani
445 1111 554 1157 fines,
585 1113 694 1159 atque
722 1112 855 1150 ultima
881 1113 992 1152 litora
1018 1115 1158 1154 Thulae
1188 1116 1246 1164 (7)

278 1163 522 1212 Transadigit
550 1164 627 1214 (8),
657 1166 895 1215 volucresque
914 1168 1039 1206 oculos
1053 1168 1092 1206 in
1107 1170 1263 1207 Tartara
1280 1167 1411 1208 mittit.

279 1217 430 1255 Nostris
458 1229 587 1266 nempe
616 1230 742 1257 omnes
769 1223 925 1268 pereunt
953 1222 1022 1259 sub
1049 1224 1156 1262 nocte
1183 1223 1323 1262 colores

343 1327 392 1366 (1)
416 1328 532 1359 obiice.
556 1330 668 1368 syniz.‚
693 1339 752 1368 qua
775 1332 835 1362 duo
863 1333 985 1363 vocales
1014 1334 1045 1363 in
1076 1343 1168 1365 unum
1200 1337 1286 1373 quasi
1316 1337 1415 1368 subsi-

279 1369 367 1403 dunt,
377 1379 531 1408 unamque
541 1372 691 1409 syllabam
704 1373 836 1404 faciunt.
850 1374 886 1404 V.
897 1376 930 1404 et
940 1376 1099 1408 Hamart.
1115 1376 1198 1407 infra
1212 1378 1285 1414 877,
1295 1379 1327 1409 et
1341 1379 1416 1412 903.

345 1411 390 1449 (2)
414 1414 620 1449 veyetamine.
644 1414 680 1445 V.
701 1423 794 1452 supra
815 1416 888 1447 299.

342 1453 387 1492 (3)
405 1454 696 1492 palpebralibus...
719 1458 808 1487 setis.
833 1457 921 1488 Oculi
943 1458 982 1487 ad
1010 1458 1217 1490 defensionem
1238 1461 1320 1492 vallo
1340 1462 1418 1500 pilo-

279 1503 346 1523 rum
362 1496 555 1526 muniuntur.
579 1497 770 1535 Palpebralis
785 1507 844 1528 vox
866 1499 980 1530 adiect.
997 1502 1045 1530 est
1056 1509 1075 1530 a
1090 1501 1257 1533 Prudentio
1273 1503 1415 1536 conficta.

342 1536 386 1573 (4)
409 1537 470 1567 Nil
490 1538 716 1576 ferrugineum
738 1540 920 1571 solidumve
939 1542 1103 1573 mentibus
1114 1543 1327 1577 obsura—Si
1338 1546 1418 1576 velis

277 1578 410 1614 effugere
421 1580 707 1616 penthemimerem‚
721 1582 839 1612 variam
864 1583 1027 1613 lectionem
1040 1585 1238 1623 amplectitur
1262 1587 1418 1624 Gustum,

271 1628 357 1657 *quae
371 1620 417 1649 sic
438 1622 488 1650 est
510 1631 527 1648 «
549 1622 610 1650 Nil
630 1623 856 1661 femveyineum
878 1625 1058 1655 solidumve
1079 1627 1247 1658 tuentibus
1267 1629 1372 1660 obstat
1385 1639 1416 1662 ».

343 1662 388 1699 (5)
405 1664 593 1700 praetenti:
615 1666 688 1694 ante
710 1666 845 1701 extensi,
869 1668 1019 1704 preteriti,
1041 1669 1188 1706 oppositi.

345 1702 390 1741 (6)
418 1704 483 1733 Nec
510 1706 639 1734 tantum
669 1707 775 1736 aarios
797 1708 858 1737 etc.
883 1708 951 1738 Vim
978 1710 1214 1748 potentiamque
1225 1709 1347 1743 animae
1362 1712 1417 1742 hu-

279 1752 389 1776 manao
410 1745 555 1782 adverte,
578 1755 670 1783 quam
692 1748 823 1779 mirifice
845 1749 987 1788 depingit
1006 1753 1121 1783 noster.

343 1785 394 1825 (7)
415 1786 536 1816 ultima
558 1788 657 1818 litora
682 1789 821 1822 Thulae.
846 1791 948 1823 Gism..
966 1792 1065 1822 litora
1083 1794 1214 1832 Thyles.
1230 1794 1275 1825 Do
1303 1795 1417 1832 insula,

279 1835 372 1863 quam
393 1836 498 1858 omnes
510 1830 627 1860 veteres
649 1830 793 1861 ultimam
816 1833 898 1862 orbis
919 1834 1071 1864 terrarum
1094 1835 1251 1872 dixerunt,
1274 1837 1344 1867 vide
1374 1837 1419 1868 sis

278 1869 368 1901 Vino.
394 1869 616 1901 Lmrmncnn
627 1871 897 1904 LexiconPoetic.
918 1876 1017 1905 totius
1033 1876 1184 1915 Linquae
1199 1878 1353 1915 Latinae,
1378 1887 1419 1908 ex

279 1911 333 1947 off.
358 1911 463 1949 Reyia
474 1911 551 1942 edit.
568 1922 625 1942 an.
648 1922 825 1946 umectum.
850 1916 909 1946 Hic
921 1917 1025 1946 autem
1048 1917 1130 1949 haud
1145 1919 1199 1949 abs
1215 1928 1247 1950 re
1262 1921 1324 1950 erit
1333 1921 1419 1950 beni-

279 1961 372 1987 gnum
395 1953 538 1983 lectorem
552 1955 648 1984 animi
662 1955 787 1986 humani
810 1956 1024 1988 admirabilem
1054 1962 1199 1991 naturam
1226 1962 1419 1999 virtutesque

278 1994 399 2030 notare,
421 2003 513 2032 quam
535 1996 665 2026 MARcvs
686 1997 843 2029 Mmuvs
862 2000 896 2029 in
930 2001 1189 2035 Astronomioor.
1211 2003 1280 2034 Lib.
1296 2004 1323 2034 V
1352 2004 1417 2034 iam

279 2035 517 2067 deformaverat.

346 2077 390 2115 (8)
412 2079 629 2119 transadr‘ffl't.
653 2097 695 2103 —
715 2081 818 2112 G1sn1..
841 2085 1059 2115 transcurrit.
