1566 2482
0 32 49 66 [22-
95 32 98 33 ⁷
163 32 177 51 τ
455 28 551 49 ;
695 29 707 34 ⁴-
745 28 782 38 *a
840 28 863 40 -ι
942 23 976 33 <·>

293 179 344 217 98
665 185 820 214 Avus-m
850 183 1056 213 PRVDEN'HI

292 296 460 345 Denique
475 294 508 334 si
526 295 708 333 structam
726 291 847 331 tantis
865 291 1062 330 sudoribus
1079 290 1208 329 urbem
1230 289 1306 340 (1),
1354 290 1431 329 485

293 352 343 389 Et
370 361 464 398 quae
479 348 690 396 nubigenas
704 345 978 385 transcendunt
990 345 1156 384 culmina
1173 344 1337 392 nimbos,

295 403 497 443 Defensare
524 401 679 450 nequit?
706 400 745 439 Si
772 399 907 446 nescit,
938 398 1021 448 quis
1048 398 1146 447 lapis
1172 398 1236 436 ille
1264 399 1321 437 est

296 457 479 496 Hostibus
507 455 709 502 obsistens,
739 455 782 492 ut
807 452 1096 503 inexpugnabile
1123 451 1238 490 turris

295 510 545 557 Praesidium,
576 520 685 557 quem
712 519 789 546 non
817 508 941 545 aerato
969 505 1146 544 machina
1172 506 1292 543 rostro

295 564 444 603 Arietat
470 562 657 609 insiliens,
688 573 755 600 neo
783 561 900 598 ferrea
927 560 1079 598 verbera
1105 560 1320 608 quassant?
1356 558 1434 596 490

295 619 470 666 Angulus
489 617 550 656 hic
568 618 695 665 portae
714 615 754 653 in
781 614 903 663 eapite
921 615 992 661 est,
1014 613 1076 651 hic
1102 613 1271 651 continet
1289 622 1436 650 omnem

296 674 473 710 Saxorum
501 672 647 717 seriem,
677 669 963 717 constructaque
989 666 1124 707 limina
1150 667 1290 712 firmat,

297 727 413 772 Quem
440 725 505 773 qui
531 725 602 762 rite
630 723 708 762 suis
735 734 799 770 per
825 721 1107 770 propugnacula
1133 720 1250 767 muris

297 779 454 818 Noverit
480 778 677 824 insertum,
707 786 819 824 seque
847 787 891 814 ac
919 786 988 813 sua
1015 773 1160 813 moenia
1178 773 1277 812 vallo

298 832 526 880 Praecingat
551 830 732 879 triplici3'
747 829 847 867 celsa
874 829 982 868 stans
1009 828 1156 866 eminus
1184 838 1267 866 arce
1357 825 1434 864 495

298 887 429 925 Fretus
457 897 579 924 amore
606 885 746 932 petrae,
777 882 894 921 castis
920 883 957 920 et
983 880 1142 929 pervigil
1170 881 1312 926 armis3

299 941 386 979 Non
414 939 519 978 illum
546 938 679 986 regina
705 936 807 985 Tyri,
837 947 913 975 non
940 935 1066 974 accola
1092 934 1222 983 magni

297 993 505 1041 Euphratis
533 992 696 1030 Parthus
722 990 855 1038 rapiet,
885 1001 961 1027 non
989 988 1133 1027 decolor
1159 988 1279 1026 Indus
1308 986 1368 1037 (2)
1416 1037 1419 1039 ‚

298 1049 478 1095 Tempora
505 1045 675 1093 pinnatis
701 1043 896 1082 redimitus
924 1042 1036 1091 nigra
1063 1041 1230 1090 sagittis.

299 1101 396 1149 Quin
425 1099 458 1138 si
484 1098 684 1137 fulmineos
711 1108 848 1145 cogens
876 1096 924 1134 ad
952 1095 1049 1133 bella
1067 1095 1247 1144 gigantas
1268 1093 1328 1144 (3)
1359 1094 1438 1132 500

299 1152 519 1202 Allophylus
549 1152 608 1201 (4)
637 1154 704 1190 tua
731 1151 857 1189 eastra
884 1149 976 1187 velit
1003 1149 1121 1187 delere
1148 1149 1348 1196 tyrannus,

300 1204 418 1245 Tutus
446 1206 532 1252 eris,
564 1217 632 1244 neo
658 1207 694 1243 te
723 1205 831 1242 firma
858 1203 1018 1242 statione
1047 1202 1209 1240 movebit

299 1260 386 1308 Ipse
415 1260 562 1298 Charon
592 1259 651 1308 (5)
681 1257 824 1304 mundi,
854 1268 993 1295 numen
1022 1255 1246 1294 Marcionis:
1278 1254 1375 1303 ipse,

302 1314 372 1361 Qui
399 1313 497 1362 regit
523 1312 622 1351 aerio
649 1323 768 1350 vanas
796 1312 866 1349 sub
893 1310 969 1349 sole
995 1310 1183 1348 tenebras.

302 1369 403 1406 Nam
420 1378 559 1405 vanum
586 1365 766 1414 quidquid
785 1365 840 1403 sol
868 1363 1051 1412 adspicit:
1074 1375 1118 1401 ex
1144 1360 1336 1401 elementis
1363 1361 1440 1400 505

303 1422 446 1460 Cuncta
473 1419 692 1459 solubilibus
720 1419 889 1466 fluxoque
918 1417 1101 1456 creamine
1129 1416 1319 1455 constant.

303 1475 422 1521 Fano,
453 1475 663 1512 creaturam
690 1472 765 1511 nisi
793 1472 919 1511 doctor
946 1470 1150 1519 Apostolus
1178 1480 1323 1508 omnem

303 1529 514 1567 Subiectam
541 1527 650 1566 vanis
678 1538 754 1565 non
782 1527 913 1574 sponte
939 1524 1128 1563 laboribus
1156 1534 1276 1570 orsus,

306 1582 456 1621 Periuro
482 1581 667 1630 ingemuit
693 1581 877 1619 miserans
905 1578 1042 1618 servire
1067 1576 1234 1616 latroni:

256 1733 258 1735 ‚
369 1697 413 1733 (1)
441 1696 570 1731 Urbem,
592 1695 660 1726 scil.
684 1693 939 1732 Hierosolymam.
954 1708 996 1714 -—
1017 1691 1164 1721 culmina
1186 1689 1443 1720 transcendunt.-

308 1736 465 1784 αὔξησις,
488 1739 525 1767 de
549 1737 635 1766 urbis
658 1735 820 1767 turribus„

362 1786 418 1825 (2)
442 1785 569 1815 decolor
590 1784 708 1815 Indus.
732 1783 770 1815 V.
794 1782 878 1813 infra
899 1783 972 1814 635.

370 1827 415 1865 (3)
435 1828 605 1866 yiqantas.
626 1843 668 1848 -—
687 1826 793 1856 Gissn.
818 1825 918 1854 latino
937 1825 1102 1863 yr‘yantes.

372 1870 417 1907 (4)
438 1868 662 1907 Allophylus:
686 1864 897 1912 ἀλλόφυλος,
928 1868 1074 1896 externus
1089 1887 1097 1901 ‚
1134 1862 1324 1899 alienigena.
1352 1860 1444 1892 Grae-

307 1926 374 1946 cam
395 1916 474 1947 hanc
496 1924 601 1947 vocem
623 1914 894 1953 saepebusurpavit
908 1913 999 1944 δην.
1011 1912 1161 1946 Savanvs,
1172 1910 1262 1940 Hist.
1280 1908 1402 1939 Sacrae
1415 1906 1444 1943 1.

309 1960 345 1987 ut
355 1958 536 1991 Philistaeis
548 1958 702 1989 innueret.
715 1956 892 1986 Penultima
918 1956 967 1986 est
986 1954 1098 1984 natura
1114 1952 1216 1989 longa,
1230 1958 1324 1988 quam
1339 1950 1444 1980 tamen

308 2000 399 2030 latini
421 2000 489 2030 sine
509 1999 618 2029 fraude
639 1998 867 2036 corripuerunt.

371 2043 415 2079 (5)
438 2042 511 2079 Ipse
527 2042 656 2072 Charon
675 2040 801 2070 mnndi.
825 2039 991 2076 Tamquam
1008 2037 1127 2068 Charon
1142 2034 1272 2065 habetur
1291 2031 1443 2067 Marcion,

308 2083 361 2121 qui
382 2083 485 2112 devios
507 2082 776 2120 morta'os‚seotae
797 2089 869 2111 suae
891 2079 1110 2117 adstipulatus,
1123 2077 1162 2107 ad
1175 2076 1339 2106 inferorum
1350 2081 1446 2110 regna

308 2125 517 2155 subvectaret.
