1566 2482
153 358 440 426 AVRELu
479 334 870 423 pavorum
900 313 1294 420 ciss’iiuurls

418 476 638 522 CONTRA
648 474 1025 545 ‚SYMMACHVM

583 572 686 600 LIBRI
713 570 860 599 PRIOBIS

516 831 854 873 PRAEFATIO
881 830 943 880 (1)

209 1008 352 1048 Paulus
371 1006 447 1057 (1),
478 1016 610 1055 praeco
637 1004 722 1052 Dei,
752 1003 816 1052 qui
843 1002 922 1041 fera
949 1000 1120 1051 gentium

261 1062 408 1101 Primus
435 1060 547 1100 corda
573 1064 677 1099 sacro
704 1057 912 1108 perdomuit
939 1056 1043 1103 stilo,

261 1116 451 1155 Christum
477 1126 542 1163 per
568 1113 738 1162 populos,
767 1111 902 1150 ritibus
929 1110 1073 1159 asperis

261 1171 464 1216 Immanes,
484 1166 840 1217 ⁴placi-dordogmate
866 1164 1072 1212 seminans,

260 1223 519 1263 Immansueta
545 1233 634 1261 suas
659 1222 703 1259 ut
729 1217 974 1259 caerimonias

261 1279 362 1317 Gens
388 1278 540 1325 pagana
567 1275 644 1314 Deo
671 1274 861 1322 sperneret
887 1271 1041 1321 agnit03

261 1332 380 1370 Actus
406 1329 618 1368 turbinibus
643 1328 737 1367 forte
764 1325 977 1375 nigerrimis

261 1385 469 1424 Hibernum
496 1383 652 1431 pelagus
679 1382 755 1420 iam
781 1382 862 1419 rate
888 1378 1018 1426 debili,

261 1439 312 1477 Et
338 1437 415 1477 vim
442 1436 631 1485 navifragi
651 1435 710 1485 (2)
728 1434 933 1483 pertulerat
959 1432 1066 1471 Noti.

261 1493 333 1531 Sed
360 1503 473 1540 quum
500 1489 660 1528 caerulei
687 1488 827 1537 proelia
855 1485 1022 1536 gurgitis
1246 1484 1297 1526 10

262 1545 443 1586 Iussisset
470 1543 622 1583 Domini
649 1543 778 1581 dextra
805 1540 1007 1591 quiescere,

223 1687 270 1727 (1)
281 1687 312 1719 S.
326 1687 415 1719 Pauli
427 1685 593 1718 historiam
604 1685 701 1716 Poeta
712 1684 960 1724 praestringens,
977 1691 1056 1721 quae
1068 1682 1216 1720 leguntur
1222 1681 1295 1713 Act.

8 1741 15 1762 '-
159 1729 335 1769 Apostolor.
356 1738 428 1768 cap.
450 1729 543 1759 xxvil
576 1728 610 1759 et
642 1726 761 1763 xxvnI,
794 1734 831 1756 ea
863 1725 904 1756 ad
934 1734 1003 1756 rem
1023 1734 1113 1755 suam
1135 1724 1294 1755 commode

0 1785 17 1820 [ιγ
159 1774 268 1811 aptare
287 1771 405 1803 studet.
427 1771 484 1802 Ait
504 1771 588 1801 enim
611 1769 830 1800 Christianum
851 1776 975 1804 nomen,
991 1768 1042 1798 tot
1055 1767 1297 1805 tempestatibus

0 1819 13 1853 ξ’
158 1815 285 1853 propter
298 1813 507 1853 potentiorum
518 1813 623 1842 odium
639 1811 803 1841 infandum
818 1812 935 1846 actum,
953 1810 1009 1840 vix
1025 1810 1183 1845 enatasse,
1200 1808 1296 1846 quum

0 1854 5 1900 ξ
158 1857 284 1887 exortus
304 1856 353 1886 est
373 1854 587 1894 Symmachus,
612 1854 666 1891 qui
687 1852 879 1884 Christianis
907 1852 1078 1882 insidiatus
1106 1852 1168 1887 est,
1191 1859 1296 1889 quem·

0 1913 2 1916 >
160 1897 324 1929 admodum
345 1897 442 1928 Paulo
468 1897 542 1928 olim
573 1905 591 1926 e
620 1895 799 1926 furentibus
830 1895 927 1925 maris
956 1894 1047 1924 undis
1068 1901 1203 1930 egresso.
1226 1893 1296 1924 Non

159 1942 267 1971 tamen
288 1939 416 1977 gravius
436 1939 469 1969 in
490 1938 594 1969 Paulli
617 1946 742 1969 manum
763 1945 898 1968 morsum
921 1937 997 1967 iecit
1011 1936 1119 1974 vipera
1140 1935 1195 1965 illa
1218 1934 1295 1964 deli-

160 1983 283 2013 tescens
305 1981 392 2012 inter
412 1980 488 2012 folia
506 1981 739 2017 sarmentaque,
754 1987 849 2017 quam
860 1978 952 2009 Vrbis
974 1977 1155 2008 Praefectus
1176 1975 1297 2008 Christi

158 2023 335 2055 doctrinam
349 2023 511 2061 sequentes
524 2021 705 2052 momordit.
721 2021 854 2053 Carmen
868 2020 1098 2058 asclepiadeum
1113 2017 1296 2049 monocolon

160 2067 222 2104 est,
242 2065 376 2105 spondeo
390 2066 548 2102 constans,
570 2064 688 2095 duobus
702 2063 904 2100 choriambis,
920 2061 1101 2101 pyrrhichio
1113 2061 1161 2092 vel
1178 2060 1294 2092 iambo.

11 2026 26 2071 ἰ,

12 2082 30 2171 ἰ
222 2124 269 2164 (2)
290 2123 473 2163 navifraqt‘.
497 2123 615 2154 Graece
641 2121 804 2170 ναυαγὸς,
832 2122 1016 2160 navifragus
1045 2121 1107 2154 est.
1142 2121 1176 2153 V.
1199 2120 1293 2150 Vmo.

12 2170 34 2234 ἶ
162 2172 244 2204 Aen.
268 2171 327 2208 111,
350 2171 434 2208 553;
457 2171 549 2203 Ovm.
570 2171 649 2202 Met.
673 2171 759 2208 xlv,
783 2172 824 2208 ὃς
848 2170 946 2202 Sur.
972 2169 1072 2202 Theb.
1095 2169 1133 2206 V,
1156 2168 1231 2201 415.

14 2403 28 2439 t

14 2442 30 2482 t
