1566 2482
439 184 585 214 comm
611 183 808 214 srmcm
832 154 1047 212 om'rrom
1068 202 1077 204 v.
1235 170 1313 210 269

227 296 288 334 Ne
313 294 432 333 lateat
455 304 546 343 pars
570 293 652 331 ulla
678 291 827 331 animae
853 291 1035 331 vitalibus
1049 290 1164 338 imis,

228 347 356 387 Altius
370 347 549 396 impresso
560 346 652 385 dum
664 346 826 395 palpitat
839 357 927 384 ense
941 346 1088 384 secutor
1102 344 1176 394 (1).
1210 342 1314 382 1100

179 403 258 441 Hoc
285 401 379 440 illud
405 401 578 440 meritum
605 401 677 447 est,
708 399 805 448 quod
832 399 1052 438 continuare
1079 398 1251 436 feruntur

228 455 414 495 Exeubias
441 453 519 505 (2),
550 453 651 492 Latii
677 465 744 501 pro
771 453 966 491 maiestate
997 451 1144 498 Palati3

230 509 336 555 Quod
351 509 539 547 redimunt
556 507 672 546 vitam
690 507 832 555 populi,
852 517 1114 555 procerumque
1133 504 1313 551 salutem3

231 563 466 602 Perfundunt
483 564 573 610 quia
590 561 687 600 colla
703 561 820 599 comis
841 561 949 606 bene,
970 559 1029 598 vel
1048 559 1139 597 bene
1158 558 1318 607 cingunt

229 616 409 664 Tempora
434 614 622 661 taeniolis,
653 616 690 653 et
716 614 805 653 licia
836 613 1003 652 crinibus
1030 613 1188 651 addunt.
1214 610 1317 649 1105

229 671 280 709 Et
306 670 395 718 quia
425 669 552 708 subter
583 668 737 706 humum
768 667 944 706 lustrales
976 666 1135 705 testibus
1167 665 1319 704 Vmbris

230 724 278 762 In
288 724 486 761 ‘flammam
504 722 679 771 iugulant
698 721 871 770 pecudes,
887 722 925 759 et
941 731 1130 758 murmura
1144 719 1316 757 miscent:

230 779 292 816 An
319 777 495 825 quoniam
521 775 622 823 podii
650 775 799 813 meliore
814 772 867 813 'in
893 775 999 823 parte
1028 774 1199 811 sedentes
1229 773 1290 821 (3)

231 832 423 879 Spectant,
453 831 618 868 aeratam
645 829 777 867 faciem
795 840 908 877 quam
926 827 1056 866 erebra
1074 825 1230 864 tridenti
1259 825 1318 874 (4)

179 956 281 995 Quare
301 955 452 987 Ivvnrur..
475 953 544 985 Sat.
567 953 626 990 111,
650 954 711 984 36:
738 963 755 981 κ
779 952 912 983 Munera
927 960 1010 982 nune
1025 949 1132 984 edunt,
1157 950 1191 980 et
1211 949 1322 988 pollice

181 998 264 1034 vulgi
286 997 462 1036 Quemlibet
481 996 629 1026 occidunt
650 995 842 1034 populariter
865 1005 895 1025 ».
920 994 956 1025 V.
980 993 1076 1023 Sur.
1108 991 1192 1023 vm.
1221 991 1318 1022 Theb.

179 1041 237 1074 26:
260 1039 324 1070 Cfr.
339 1039 434 1068 Tvu„
466 1039 656 1068 Daunonvn:
689 1046 707 1065 «
723 1036 966 1067 Bems’niscenze
981 1045 997 1064 e
1017 1035 1175 1064 Fantaeie
1191 1044 1223 1070 »‚
1244 1041 1317 1071 pag.

183 1082 254 1112 139.
277 1081 402 1116 Tor-uio,
426 1079 646 1110 Stabilimento
666 1076 819 1109 Fon‘tana.

243 1122 289 1161 (1)
310 1122 391 1152 dum
400 1121 551 1161 palpitat
560 1130 634 1151 ense
648 1122 787 1150 secutor.
800 1119 836 1149 In
847 1118 1038 1156 gladiatorio
1054 1125 1183 1147 munere
1193 1116 1318 1146 secutor

179 1166 235 1195 aut
253 1165 416 1201 sequutor,
437 1169 486 1194 est
507 1163 560 1199 qui
582 1162 744 1200 pugnando
766 1161 930 1191 retiarium
946 1159 1136 1196 insequitur.
1155 1158 1189 1188 V.
1211 1158 1320 1188 Ivven.

179 1207 246 1238 Sat.
270 1205 356 1241 VIII,
378 1206 456 1239 210:
481 1205 573 1236 Svar.
597 1203 697 1240 Calig.
722 1203 775 1235 30.
798 1203 843 1233 De
862 1202 998 1232 nominis
1019 1201 1141 1238 origine
1163 1199 1215 1230 adi
1246 1199 1321 1229 Vos-

179 1256 253 1278 swu
264 1248 297 1278 in
308 1247 424 1282 Earn„
439 1248 472 1276 et
487 1247 680 1276 Fanum-tva
694 1257 736 1271 =
753 1256 769 1272 «
786 1244 923 1275 Golonn.
941 1244 1090 1273 Traiana
1101 1253 1133 1278 »,
1145 1242 1221 1280 cap.
1236 1241 1320 1272 vm.
1380 1278 1382 1281 Ι

177 1298 254 1328 pag.
278 1290 352 1320 257.

243 1331 289 1370 (2)
310 1330 506 1361 continuare
531 1329 692 1367 feruntur
714 1327 892 1358 Excubiae.
921 1327 982 1357 Diu
1004 1326 1159 1362 noctuque
1181 1323 1325 1354 Vestales

181 1372 220 1402 ad
242 1373 327 1409 ignis
348 1372 522 1402 custodiam
537 1372 571 1400 et
583 1370 738 1400 sacrificia
754 1370 834 1400 Deae
850 1369 963 1399 Vestae
976 1366 1173 1407 procuranda
1186 1366 1324 1395 animum

183 1414 399 1444 intendebant.
422 1412 593 1447 Excubiae,
616 1420 719 1447 arum,
734 1420 794 1441 vox
809 1410 973 1446 militaris,
1002 1418 1081 1446 quae
1103 1407 1324 1439 excubationes

182 1455 324 1491 denotat,
346 1463 401 1492 per
422 1455 507 1484 vices
527 1462 547 1484 a
569 1453 724 1482 militibus
746 1455 834 1482 actas
854 1452 949 1482 statis
971 1451 1144 1488 quibusque
1163 1449 1253 1479 locis.

248 1502 294 1540 (3)
310 1501 407 1541 podii
428 1501 560 1531 meliore
581 1501 619 1529 in
636 1502 737 1538 parte
763 1499 919 1530 sedentes.
949 1498 1082 1528 Pedium
1103 1489 1229 1531 πόδιον,
1263 1495 1323 1526 ita-

184 1544 244 1574 lice
265 1554 283 1571 «
303 1544 420 1582 poqys'o
443 1554 473 1576 ».
500 1541 606 1580 pedem
635 1541 756 1572 diceres
777 1540 859 1571 Circi
883 1540 929 1570 vel
954 1539 1180 1577 Amphiteatri.
1211 1546 1320 1575 nempe

186 1594 292 1616 murus
304 1587 353 1615 est
369 1584 521 1614 latissime
533 1584 644 1621 patens
655 1586 768 1612 arenae
781 1582 966 1618 contiguus:
981 1582 1069 1618 isque
1079 1580 1193 1617 gradus
1207 1578 1325 1616 diguis-

185 1628 282 1656 simus
294 1625 368 1664 ruit,
386 1626 437 1663 qui
453 1633 579 1655 arenam
595 1623 759 1660 lamberet,
774 1624 808 1653 et
822 1624 936 1654 ceteris
950 1622 1046 1652 latior
1062 1622 1196 1660 pateret.
1213 1619 1325 1658 Quam-

186 1669 292 1698 obrem
313 1668 359 1698 ibi
373 1666 623 1705 conspiciebatur
638 1665 840 1704 Imperatoris
854 1666 1033 1702 suggestae,
1050 1663 1237 1702 propiusque
1251 1662 1326 1693 Con-

185 1710 276 1745 sules,
298 1709 440 1739 civitatis
463 1708 678 1744 magistram,
702 1708 737 1738 et
759 1707 891 1745 imperia
911 1707 1090 1736 exercentes
1104 1704 1324 1739 consedebant,

189 1751 300 1782 ieeiroo
321 1749 462 1781 Vestales
483 1750 620 1786 virgines
642 1749 674 1778 in
696 1749 816 1787 supinis
836 1747 980 1779 exhedris
1001 1747 1188 1785 spectabant
1208 1745 1326 1782 gladiu-

187 1793 304 1822 terium
326 1791 442 1823 ludum.
465 1791 561 1822 Plura
582 1791 620 1821 de
641 1790 699 1820 hae
721 1799 755 1820 re
778 1790 906 1820 habebis
927 1790 960 1819 in
983 1789 1106 1819 Lmsm:
1129 1801 1171 1814 =
1186 1788 1234 1818 De
1249 1788 1325 1817 Am-

182 1835 341 1907 ghiteatr.
363 1833 398 1865 C.
421 1833 479 1863 XI.
505 1833 540 1863 V.
558 1833 709 1863 IvvmuL.
732 1832 849 1870 Satyr.
872 1831 917 1867 11,
934 1831 1004 1862 105.
1027 1830 1162 1861 Sve'ron.
1190 1828 1324 1865 Caligul.

215 1899 222 1906 .
247 1875 356 1911 XLlV,
380 1876 411 1906 7.

252 1917 301 1956 (4)
313 1919 460 1947 aeratam
471 1915 589 1954 faeiem
602 1924 702 1954 quam
713 1914 828 1945 erebra
839 1914 992 1945 tridenti.
1001 1913 1114 1943 umus.
1127 1912 1160 1942 in
1172 1911 1328 1942 adnotatt.

187 1959 328 1989 tridente
336 1969 348 1995 ‚·
369 1958 501 1989 codiee-³.
518 1974 558 1980 -
579 1957 687 1988 Facies
709 1957 822 1987 latiore
843 1955 1072 1991 significatione
1095 1953 1250 1991 accipitur
1270 1961 1327 1990 pro

189 2001 334 2030 universa
354 1999 454 2030 forma
474 2000 508 2030 et
528 1999 630 2035 modo,
647 1999 827 2035 facturaque
854 1997 951 2028 totius
966 1995 1104 2035 corporis
1121 1992 1263 2030 humani,
1280 1994 1327 2024 uti

189 2042 280 2073 docet
299 2041 377 2072 Avr..
399 2041 493 2072 Gau..
522 2041 616 2071 Noct.
638 2041 710 2071 Act.
733 2039 852 2075 XXIX,
877 2038 929 2069 13.
958 2038 1023 2068 Nos
1042 2036 1116 2068 Itali
1138 2049 1181 2063 =
1203 2037 1327 2075 fiqura,

189 2085 323 2122 nepetto.
344 2095 387 2109 =
400 2083 540 2113 lamvero
561 2090 713 2120 quaenam
731 2081 831 2111 fuerit
844 2079 1070 2117 gladiatoribus
1086 2078 1197 2113 facies,
1218 2077 1330 2115 quibus

191 2125 261 2156 ferri
278 2126 424 2163 tegumen
439 2125 539 2154 totum
555 2123 721 2155 induxerat
737 2131 857 2162 corpus,
874 2121 965 2153 facile
979 2121 1122 2151 omuibus
1136 2119 1329 2159 perspicuum
