1566 2482
250 180 329 222 1‘48
621 193 774 221 Avanmr
800 193 1002 222 PRVDEN'I'II

248 301 473 341 Eumenides
488 301 545 352 (1)
566 301 691 340 variae
706 301 864 341 monstri
878 302 1077 342 comitatus
1097 305 1275 353 aguntur.
1307 305 1384 344 465

248 356 329 395 Nec
357 356 480 394 minus
507 355 651 394 interea
677 355 891 394 rabidorum
918 367 1018 396 more
1045 357 1218 406 luporum

249 409 415 449 Crimina
442 409 653 458 persultant
679 410 757 448 toto
784 410 1001 458 grassantia
1028 422 1171 460 campo,

247 463 382 503 Matris
411 462 603 502 Avaritiae
629 462 738 511 nigro
766 463 810 501 de
837 463 933 502 lacte
959 466 1098 503 creata.

248 516 286 555 Si
313 516 442 555 fratris
470 517 618 566 galeam
645 516 759 555 fulvis
786 516 933 556 radiare
960 518 1131 557 ceraunis
1161 518 1219 568 (2)

247 571 456 609 Germanus
484 570 580 609 vidit
607 570 831 609 commilito:
862 582 938 609 non
965 571 1072 610 timet
1099 583 1224 611 ensem
1307 574 1384 613 470

246 623 439 671 Exserere,
470 625 580 672 atque
608 624 721 672 caput
748 624 846 663 socio
873 636 1046 664 mucrone
1073 625 1196 673 ferire,

246 677 301 716 De
329 678 609 727 consanguineo
636 679 813 725 rapturus
840 678 976 717 vertice
1004 690 1187 727 gemmas.

245 731 365 773 Filius
393 732 617 770 exstinctum
645 731 732 769 belli
760 731 829 769 sub
857 734 953 770 sorte
981 732 1140 771 cadaver

245 784 431 834 Adspexit
459 785 491 823 si
520 785 611 823 forte
639 784 774 833 patris,
804 784 990 833 fulgentia
1017 786 1131 835 bullis
1305 788 1382 826 475

245 838 422 888 Cingula,
453 840 490 876 et
516 838 670 877 exuvias
697 838 836 886 gaudet
863 839 1030 886 rapuisse
1057 840 1255 879 cruentas:

244 893 451 941 Cognatam
478 892 600 931 civilis
628 891 709 940 agit
737 892 923 930 discordia
950 894 1140 940 praedam,

243 947 323 985 Nec
349 946 472 994 parcit
497 946 655 994 propriis
683 956 785 984 amor
812 945 1014 985 insatiatus
1044 947 1208 985 habendi

243 999 486 1048 Pignoribus‚
517 1000 725 1048 spoliatque
754 1010 840 1037 suos
867 999 979 1038 famis
1007 1000 1121 1048 impia
1150 1000 1209 1050 (3)
1238 1002 1362 1039 natos.

242 1053 349 1091 Talia
376 1065 440 1101 per
467 1053 623 1101 populos
651 1053 783 1092 edebat
809 1052 940 1091 funera
968 1053 1101 1092 victrix
1302 1056 1380 1093 480

243 1107 353 1146 Orbis
382 1106 555 1145 Avaritia
584 1106 660 1155 (4),
692 1108 862 1145 sternens
889 1108 1046 1146 centena
1069 1107 1231 1146 virorum

242 1158 364 1199 Millia
391 1160 608 1198 vulneribus
636 1159 775 1198 variis:
807 1160 906 1199 hunc
933 1160 1073 1199 lumine
1102 1161 1264 1209 ademto,

241 1214 469 1262 Effossisque
497 1213 614 1252 oculis
642 1214 743 1252 velut
770 1213 809 1251 in
838 1213 998 1262 caligine
1026 1214 1147 1252 noctis

242 1268 398 1306 Coenum
425 1278 545 1305 errare
573 1267 677 1314 sinit,
707 1279 841 1315 perque
870 1268 1098 1306 offensacula
1126 1268 1245 1307 multa

240 1321 317 1367 Ire,
348 1332 415 1361 nec
443 1320 653 1368 oppositum
681 1320 814 1359 baculo
842 1322 985 1359 tentare
1012 1321 1206 1369 periclum.
1305 1323 1381 1361 485

241 1375 355 1413 Porro
383 1374 498 1412 alium
527 1374 627 1421 capit
655 1374 809 1420 intuitu,
842 1373 1015 1422 fallitque
1043 1374 1245 1421 videntem,

240 1427 398 1475 Insigne
427 1429 622 1466 ostentans
649 1427 808 1475 aliquid,
839 1428 938 1475 quod
967 1428 1053 1466 dum
1082 1428 1175 1476 petit
1202 1429 1280 1476 ille,

239 1481 433 1529 Excipitur
459 1481 533 1519 telo
562 1481 749 1528 incautus,
782 1481 977 1529 cordisque
1006 1482 1076 1519 sub
1103 1481 1185 1530 ipso
1315 1479 1317 1483 ’

239 1535 396 1577 Saucius
425 1535 566 1574 occulto
594 1534 732 1573 ferrum
762 1534 926 1582 suspirat
953 1535 1141 1574 adactum.

239 1583 379 1627 Multos
406 1582 659 1637 praecipItans
687 1588 726 1627 in
755 1589 884 1636 aperta
910 1588 1084 1627 incendia
1112 1589 1227 1638 cogit,
1303 1591 1381 1630 490

301 1714 346 1751 (l)
368 1713 584 1743 Eumenides.-
606 1713 730 1743 Fuiiao.
754 1714 797 1743 De
820 1712 930 1749 quibus
952 1713 1045 1743 VlRG.
1068 1714 1151 1744 Aen.
1167 1713 1240 1751 XII,
1262 1713 1335 1746 336.

302 1755 348 1794 (2)
370 1755 473 1792 fulvis
496 1755 631 1785 radlare
647 1756 810 1786 ceraunis.
828 1754 965 1784 Subaudi
981 1756 1124 1792 gemmis,
1143 1755 1226 1786 Haec
1241 1764 1380 1793 gemma,

237 1798 395 1828 ceraunia
416 1797 514 1833 dicta,
536 1797 653 1827 fulvum
674 1797 805 1827 colorem
827 1796 997 1833 praesefert
1017 1796 1246 1834 obfulgentem,
1276 1797 1382 1828 instar.

238 1839 389 1871 fulminis.
415 1838 494 1876 quod
515 1847 623 1875 graece
645 1839 694 1868 est
710 1837 727 1872 ὁ
752 1837 928 1883 κεραυνὸςς
951 1846 1018 1868 eam
1041 1838 1157 1869 idcirco
1179 1839 1330 1870 Smomvs
1345 1840 1378 1870 in

238 1887 428 1924 Panegyrico
450 1886 490 1917 ad
512 1886 664 1917 Maioran.
688 1883 827 1916 §ulmini's
848 1885 984 1923 lapidem
1007 1885 1155 1924 appellat.

301 1928 346 1967 (3)
372 1928 475 1965 famis
496 1929 613 1967 impia,
636 1936 690 1966 pro
718 1929 833 1965 fames,
858 1929 894 1957 ut
923 1926 1007 1957 infra
1036 1928 1109 1958 508.
1134 1927 1192 1959 Sed
1223 1928 1324 1965 fanu’s
1346 1929 1379 1959 in

236 1979 309 2001 casu
333 1972 416 2000 recto
439 1971 606 2008 usurpatur
628 1978 647 1998 a
663 1970 827 2005 Vnumne,
841 1969 891 1999 De
902 1969 950 1999 Re
965 1969 1117 2005 Rustica,
1138 1970 1175 2002 L.
1193 1969 1230 2006 V,
1246 1978 1277 2000 a.
1294 1971 1373 2001 med.

237 2013 279 2043 De
301 2021 403 2042 anlore
426 2012 575 2043 insatiato
597 2011 732 2042 habendi
753 2011 790 2043 V.
807 2011 898 2042 Ovid.
923 2009 1029 2051 (Fir-et.
1050 2011 1080 2048 1,
1103 2012 1164 2043 216
1186 2011 1239 2042 ubi
1261 2011 1299 2042 de
1320 2012 1378 2043 siti

237 2053 416 2092 'luntalea).
538 2079 543 2081 ,

298 2096 343 2131 (4)
362 2095 462 2125 Orbis
483 2095 606 2125 ‹tear-iti
596 2099 640 2126 οῖ.
666 2087 909 2126 Pentemimeren
935 2094 1052 2124 adnota
1068 2095 1105 2124 in
1127 2093 1184 2124 hoc
1213 2103 1319 2130 versu;
1343 2095 1378 2126 ct

238 2137 306 2167 vide
329 2134 413 2182 Περὶ
439 2135 536 2182 Στεφ
564 2137 631 2173 VlI,
657 2138 708 2173 60,
733 2133 839 2168 adnot.
863 2137 889 2166 Ι.
916 2136 1063 2178 -,Ιι]1ι·ει
1084 2144 1165 2181 vers.
1188 2135 1260 2167 674.
