1566 2482
264 152 340 192 110
635 165 786 193 Avitum
823 166 1023 194 PRVDENTII

261 273 404 312 Dividit
431 273 503 313 huc
530 274 620 313 illuc
646 275 797 324 rapiens
825 287 894 314 sua
921 287 1100 325 quemque
1126 276 1256 316 libido.

260 327 386 366 Talem
414 327 533 366 multa
560 328 682 367 Sacris
710 328 869 377 speciem
896 330 1004 372 notat
1029 330 1151 368 orbita
1179 331 1314 369 Libris.

260 381 421 429 Adspice
436 382 538 419 Ruth
549 381 586 429 (1
596 381 607 431 )
617 382 741 431 gentis
756 382 987 430 Moabitidis,
999 383 1038 422 et
1053 383 1162 422 simul
1173 385 1340 432 Orphan.

260 434 335 472 Illa
363 446 505 473 socrum
534 436 692 474 Noemin
720 437 793 474 fido
821 436 1017 475 comitatur
1042 449 1179 484 amore,
1238 469 1241 471 Α
1319 439 1396 477 780

260 488 407 526 Deserit
434 489 548 526 haec:
580 490 710 538 atquin
741 489 800 539 (2)
829 490 1008 529 thalamis
1036 492 1072 529 et
1096 491 1179 540 lege
1207 491 1326 540 iugali

260 542 419 587 Exutae,
451 543 708 591 Hebraeisque>
729 543 834 590 toris,
865 544 1053 593 sacrisque
1082 546 1274 592 vacantes,

258 596 344 633 Iure
372 595 590 634 fruebantur
616 596 776 644 proprie.
807 598 876 635 Sed
903 597 1085 646 pristinus
1115 599 1262 646 Orphae

260 649 445 686 Fanorum
472 649 567 687 ritus
595 650 787 698 praeputia
813 651 973 691 barbara
1001 651 1120 690 suasit

260 702 389 749 Malle,
420 703 457 740 et
485 702 645 741 semiferi
674 703 826 752 stirpem
846 704 987 743 nutrire
1006 705 1135 744 Goliae
1157 705 1231 754 (3).
1318 706 1394 744 785

260 756 376 802 Ruth,
399 756 486 794 dum
504 768 568 804 per
590 757 748 805 stipulas
767 757 907 806 agresti
923 759 1130 797 amburitur
1167 760 1287 806 aestu,

259 809 394 847 Fulcra
421 810 522 848 Booz,
544 810 691 856 meruit,
722 812 896 859 castoque
926 812 1070 850 adscita
1098 812 1212 850 cubili

259 862 534 911 Christigenam
562 864 722 903 fecunda
751 865 913 912 domum,
944 866 1128 904 Davidica
1154 877 1271 914 regna

258 916 401 963 Edidit,
432 918 544 965 atque
572 918 649 955 Deo
675 919 853 956 mortales
880 919 1030 957 miscuit
1057 920 1159 957 ortus
1189 920 1264 968 (4).

258 970 370 1017 Saepe
398 972 541 1018 egomet
571 971 629 1020 (5)
665 971 818 1010 memini
851 972 983 1011 fratres
1004 973 1193 1022 *geminos*
1224 973 1271 1010 ad
1299 973 1394 1010 hiul-

1205 1038 1289 1064 cum
1320 1027 1395 1064 790

217 1087 219 1089 ’
259 1076 473 1114 Pervenisse
502 1077 613 1115 simul
641 1077 795 1125 bivium,
827 1079 984 1117 nutante
1012 1078 1163 1117 iuventa
1177 1025 1203 1124 ;[

256 1130 305 1166 Et
333 1130 523 1168 dubitasse
553 1131 616 1169 diu
643 1131 755 1170 bifido
785 1133 853 1170 sub
881 1133 1044 1178 tramite,
1076 1133 1262 1181 quodnam

256 1183 365 1220 Esset
390 1183 460 1221 iter
488 1185 639 1223 melius:
672 1197 785 1233 quum
813 1186 980 1224 dextrum
1009 1186 1138 1234 spinea
1166 1186 1263 1224 silva

318 1290 363 1327 sl)
386 1290 526 1328 Adspice
548 1291 650 1321 Ruth.
677 1291 714 1321 V.
741 1291 843 1321 RUTH.
873 1292 897 1322 l.

319 1331 367 1369 (2)
390 1333 517 1370 atquin.
545 1349 584 1353 —
605 1333 745 1363 Guswx.
769 1334 873 1372 atqui.

316 1373 362 1411 13)
383 1374 520 1411 stimwm
542 1375 674 1403 nutrire
698 1375 823 1404 Gallae.
848 1375 982 1412 Orplmm
1008 1376 1101 1406 fuisse
1132 1375 1238 1406 Goliao
1260 1376 1392 1406 matrem

258 1414 430 1444 CELLAi'uvs
451 1415 614 1445 existimat
635 1417 701 1446 erui
725 1426 811 1454 posse
838 1426 875 1447 ex
898 1417 1080 1447 Iudaeorum
1110 1416 1236 1454 sabuliS,
1259 1418 1298 1447 nd
1321 1425 1396 1454 quas

256 1456 332 1486 licet
352 1457 453 1494 poetis
475 1458 543 1486 tuto
566 1457 662 1487 adire.
943 1456 945 1458 ’

318 1498 363 1536 (4)
387 1501 490 1530 artus.
513 1498 577 1528 Alii
599 1502 706 1530 artus.

319 1538 369 1579 (5)
387 1541 490 1578 Saepe
508 1544 627 1578 eqomet
649 1541 710 1570 etc.
728 1541 846 1571 Fabula
861 1541 898 1571 de
914 1542 1043 1571 Hercule
1069 1541 1322 1579 adolescentiore,
1343 1542 1396 1579 qui

254 1580 285 1609 in
301 1581 366 1611 Ioco
388 1582 531 1618 quodam,
554 1582 634 1612 unde
655 1583 733 1612 duae
754 1583 823 1612 viae
845 1583 964 1613 diverse
986 1584 1119 1619 abirent,
1144 1584 1226 1613 inter
1241 1584 1396 1614 Virtutem

251 1623 286 1652 et
294 1622 490 1661 Voluptatem
502 1624 730 1654 contentionem
742 1624 864 1660 habuit,
879 1625 926 1654 ita
937 1625 1098 1663 placuerat
1111 1625 1278 1662 veteribus,
1294 1626 1330 1656 ut
1341 1625 1397 1655 alii

254 1664 314 1694 alio
339 1665 427 1695 modo
449 1674 516 1695 eam
540 1666 768 1703 proposuerint.
792 1666 885 1697 Cebes
907 1666 938 1695 in
961 1666 1092 1701 Tabula3
1123 1667 1207 1697 Max.
1231 1667 1342 1704 Tyrius
1364 1667 1397 1697 in

253 1706 384 1736 Dissert.
409 1706 487 1741 XX:
511 1706 735 1745 Aristophanes
750 1708 782 1737 in
806 1708 918 1742 Pluto,
941 1716 1003 1745 qua
1018 1708 1049 1738 in
1065 1708 1222 1738 comoedia
1235 1708 1397 1738 Plutonem

250 1747 435 1779 divitiarum
455 1748 629 1786 praesidem
660 1749 942 1786 Paupertatemquo
965 1749 1153 1780 altercantes
1176 1749 1312 1784 inducit:
1337 1750 1394 1780 Lu-

252 1789 370 1819 cianus-
394 1790 427 1819 in
460 1790 578 1820 Somno
610 1790 770 1827 loquentes
800 1790 877 1820 facit
898 1790 1005 1820 Artem
1035 1791 1230 1821 Statuariam
1263 1793 1296 1821 et
1317 1791 1393 1821 Eru-

251 1831 423 1863 ditionem:
448 1831 477 1861 S.
500 1832 665 1868 Gregorius
688 1832 900 1862 Nazianzenus
923 1833 955 1861 in
970 1832 1114 1862 Carmine
1129 1832 1166 1862 de
1180 1833 1312 1862 Somnis
1325 1834 1398 1863 suis

252 1873 333 1902 inter
364 1882 396 1903 se
429 1873 676 1904 Sanctimoniam
698 1875 731 1903 et
759 1873 1010 1912 Temperantiam
1043 1875 1202 1904 certantes
1235 1874 1394 1908 videmus3

250 1914 388 1944 Clemens
417 1916 520 1944 autem
556 1914 786 1945 Alexandrinus
810 1915 841 1945 in
865 1916 1023 1945 Str-omae.
1052 1916 1077 1944 V
1110 1915 1190 1946 hanc
1223 1915 1397 1947 fabularem

251 1955 414 1986 historiam
437 1956 572 1987 induxit.
595 1957 691 1986 Nemo
714 1956 817 1987 autem
843 1957 979 1987 omnium
1004 1957 1165 1994 pulchrius
1180 1957 1343 1988 Herculem
1366 1957 1400 1987 in

251 1997 334 2026 bivio
346 1997 685 2036 haerentemdepingit.
704 2006 794 2035 quam
808 1998 1135 2036 Xenophonillein‘L.
1150 1999 1192 2033 Π,
1215 1997 1254 2029 21
1279 1999 1397 2030 Memo-

249 2038 347 2068 rabil.
372 2040 511 2075 Secreta,
529 2040 580 2070 ubi
604 2040 728 2070 Prodici
751 2039 803 2071 Cei
825 2039 993 2070 historiam
1017 2040 1054 2070 de
1070 2040 1200 2070 Hercule
1217 2041 1249 2071 in
1263 2041 1398 2072 medium

249 2081 352 2117 ponit;
371 2089 461 2117 quam
484 2090 544 2111 non
561 2090 612 2111 vos
629 2082 756 2119 pudeat,
778 2082 910 2112 studiosi
934 2082 1295 2121 tirones‚Leopa1-dianis
1317 2081 1394 2113 colo·

249 2121 335 2151 ribus
358 2121 610 2162 interpretatum,
628 2123 736 2160 legero.

1539 375 1559 387 rm

1555 394 1559 411 l

1559 472 1561 482 x

1548 571 1562 591 Ο

1559 592 1563 612 3
