1566 2482
279 155 329 192 30
650 163 802 191 AVRELII
829 163 1030 191 Pavnnn‘rn

277 280 356 317 Nec
383 289 474 327 sago
504 277 562 326 (1)
592 277 766 326 clangore
794 277 931 325 loquax
958 278 995 315 et
1023 276 1180 316 stridula
1208 278 1335 316 cornix

277 334 368 371 Rem
398 333 549 370 docuere
577 331 669 369 Dei:
701 331 766 369 sed
793 341 918 368 coram
943 331 1111 378 proditus
1139 331 1232 378 ipsc,

274 387 359 434 Ipse
388 387 487 423 Deus
515 384 700 432 trepidum
727 384 920 422 mortalem
947 384 1049 422 mitis
1077 384 1194 422 amico
1336 385 1413 422 300

274 439 404 477 Inbuit
431 438 616 486 adloquio,
648 449 758 485 seque
786 449 830 475 ac
857 449 925 476 sua
953 449 1097 476 summa
1123 438 1268 476 retexit.

274 493 459 530 Nimirum
486 491 656 529 meminit
681 491 842 538 Scriptor
869 491 1119 537 doctissimus,
1149 491 1214 529 illo

274 546 383 584 Orbis
409 545 592 593 principio
619 555 695 583 non
723 545 854 590 solum,
884 556 952 583 nec
980 544 1059 583 sine
1087 545 1234 583 Christo

272 599 498 637 Informasse
527 599 676 638 Patrem
703 598 868 636 facturae
895 598 1042 646 plasma
1070 598 1250 636 novellae.

272 653 387 699 Fecit,
402 653 469 699 ait,
491 652 654 690 condens
668 652 856 690 hominem
872 652 987 699 Deus,
1009 652 1046 691 et
1059 651 1159 689 dedit
1170 651 1235 690 olli
1247 651 1306 700 (2)
1335 652 1412 690 305

274 707 348 744 Ora
375 706 457 744 Dei.
490 705 672 750 Quidnam
703 706 760 743 est
788 705 905 752 aliud,
936 716 1049 753 quam
1077 705 1211 751 dicere,
1242 705 1344 743 solus

272 760 359 797 Non
387 760 497 797 erat?
526 760 635 807 atque
663 760 740 796 Deo
767 759 867 796 Deus
895 759 1100 797 adsistebat
1127 758 1269 806 agenti,

271 814 391 859 Quum
418 812 599 850 Dominus
627 812 764 850 faceret
790 811 940 850 Domini
968 813 1037 850 sub
1054 811 1217 860 imagine
1244 811 1414 859 plasma?

273 866 441 904 Christus
455 865 573 904 forma
588 865 728 912 Patris,
743 876 811 903 nos
826 865 965 903 Christi
983 865 1101 904 forma
1128 866 1165 903 et
1191 865 1315 913 imago
1335 864 1394 914 (3)

272 919 470 957 Condimur
497 919 537 956 in
564 919 695 956 faciem
723 919 872 956 Domini
899 919 1063 957 bonitate
1090 920 1259 967 paterna,
1334 918 1413 956 310

270 973 434 1013 Venturo
462 972 501 1009 in
530 973 695 1010 nostram
722 972 855 1010 faciem
882 973 966 1020 post
993 973 1143 1011 saecula
1171 972 1331 1011 Christo.

234 1027 426 1075 mPossum
454 1026 572 1063 multa
601 1025 716 1063 sacris
744 1025 910 1076 exempla
937 1037 1125 1077 excerpere
1152 1025 1275 1071 libris,

270 1079 321 1118 Ni
349 1079 502 1131 refugis,
534 1090 626 1127 quae
654 1080 690 1117 te
719 1078 887 1124 doceant,
918 1090 993 1117 non
1020 1079 1061 1117 in
1089 1076 1200 1117 Patre
1228 1077 1305 1117 solo

269 1128 354 1171 Vim
382 1132 588 1170 maiestatis
614 1133 789 1180 positam,
821 1109 887 1171 sed,
910 1144 994 1170 cum
1022 1134 1132 1171 Patre
1164 1133 1351 1171 Christum

267 1187 359 1224 Esse
387 1187 525 1231 Deum,
548 1186 650 1223 velut
668 1186 763 1224 illud
789 1186 844 1224 ait
863 1186 1097 1235 Genealogus
1120 1187 1133 1234 (
1136 1185 1179 1235 4)
1197 1186 1314 1223 idem:
1332 1185 1408 1224 315

268 1241 303 1277 A
331 1239 488 1278 Domino
517 1239 698 1277 Dominus
725 1239 913 1278 flammam
940 1240 1037 1288 pluit
1063 1240 1103 1277 in
1131 1239 1350 1277 Sodomitas.

267 1293 356 1338 Quis
385 1293 592 1331 Dominus?
620 1294 663 1330 de
693 1305 762 1341 quo
791 1293 977 1332 Domino?
1005 1293 1039 1332 si
1067 1293 1167 1331 solus
1195 1294 1243 1331 ab
1269 1305 1352 1331 arce

267 1346 414 1383 Siderea
443 1347 584 1394 spectat
613 1347 737 1392 Pater,
769 1348 834 1384 aut
862 1347 1022 1385 ardescit
1049 1347 1089 1384 in
1118 1347 1222 1384 iras?

268 1399 384 1437 Filius
414 1401 596 1437 armatam
624 1400 775 1438 Domini
802 1400 927 1438 Patris
955 1400 1108 1449 ignibus
1137 1401 1231 1438 iram

268 1453 472 1500 Spargebat
491 1453 671 1491 Dominus
691 1469 698 1491 :
731 1455 819 1492 sunt
836 1466 951 1492 unum
971 1454 1111 1492 fulmen
1129 1455 1298 1502 utraque.
1331 1455 1407 1499 320

308 1577 352 1615 (1)
376 1577 480 1607 Grsm..
505 1586 597 1615 saya.

309 1619 355 1657 (2)
380 1619 447 1649 Olli
469 1632 510 1645 =
533 1618 670 1655 arehais,
693 1628 767 1656 pro:
791 1619 853 1650 illi.

308 1661 354 1698 (3)
379 1669 437 1690 nos
460 1661 585 1690 Christi
605 1661 714 1698 forma
736 1665 766 1691 et
786 1663 906 1698 imaqo.
924 1661 961 1694 V.
984 1661 1097 1693 omes.
1119 1662 1148 1698 l,
1173 1670 1251 1699 vers,
1275 1662 1328 1699 26,
1352 1662 1406 1694 27.

267 1702 327 1733 Sed
349 1702 399 1731 hic
423 1702 459 1731 de
483 1703 587 1732 anima
609 1703 758 1733 rationali
781 1703 934 1740 intellige.

311 1742 355 1782 (4)
380 1743 579 1781 Genealoqus
594 1746 642 1773 est
657 1744 708 1780 qui
724 1745 939 1782 genealogiam
961 1745 1072 1774 scribit
1086 1745 1142 1774 aut
1156 1745 1276 1774 narrat.
1294 1745 1406 1776 Mofses

266 1785 450 1822 genealogus
473 1785 600 1821 dicitur,
619 1786 670 1821 qui
694 1786 917 1816 Pentateucum
933 1786 1071 1823 scripsit,
1093 1786 1273 1816 cuiuslibet
1287 1787 1406 1825 primus

268 1827 399 1857 Gan-mss
415 1826 506 1863 vulgo
528 1826 713 1864 appellatur,
726 1827 777 1857 ubi
801 1836 909 1865 nempe
924 1827 1091 1857 historicus
1113 1836 1131 1857 a
1151 1836 1253 1857 rerum
1269 1829 1403 1859 omnium

266 1868 424 1898 creatione
459 1868 629 1898 exorditur.
664 1885 706 1890 —
740 1869 770 1898 A
799 1868 937 1899 Domino
971 1869 1143 1899 Dominus.
1172 1869 1268 1899 Poeta
1294 1879 1403 1901 nomen

264 1909 388 1940 Domini
416 1909 557 1939 iterando
583 1909 655 1939 Filii
686 1918 705 1940 a
726 1909 819 1940 Patre
847 1910 1080 1940 distinctionem
1109 1911 1233 1941 innuere
1262 1911 1401 1948 videtum

265 1959 325 1987 qua
346 1951 379 1980 in
404 1960 436 1980 re
461 1960 530 1980 cum
551 1959 586 1981 eo
608 1959 712 1981 omnes
740 1953 968 1982 consenserunt.
988 1952 1066 1982 Vide
1087 1953 1128 1982 sis
1150 1953 1182 1982 in
1205 1952 1283 1983 hunc
1305 1953 1402 1984 locum

264 1988 395 2022 Imm.
418 1992 524 2022 Imm.
548 1992 754 2024 commentar.
