1566 2482
310 200 386 238 246
685 211 838 238 Avnnnn
863 209 1066 238 annnn'ru

362 318 515 356 Externi
543 318 590 355 ad
619 318 676 356 ius
704 317 898 356 connubii:
928 329 1015 356 nam
1043 318 1226 367 sanguine
1253 318 1368 358 mixto

361 371 512 410 Texitur
540 371 695 409 alternis
723 383 766 409 ex
792 371 966 419 gentibus
994 383 1070 409 una
1096 382 1263 420 propago
1291 372 1365 423 (1).

309 425 390 463 Hoc
418 426 539 462 actum
569 426 626 462 est
652 424 770 462 tantis
799 425 1028 463 successibus
1056 427 1167 473 atque
1194 425 1394 474 triumphis

363 478 520 516 Romani
548 478 714 525 imperii:
747 477 895 516 Christo
925 477 997 515 iam
1028 479 1117 516 tunc
1145 478 1325 525 venienti,

363 531 488 577 Crede,
511 533 642 578 parata
661 531 723 568 via
741 532 810 577 est,
833 542 944 578 quam
963 531 1100 568 dudum
1119 531 1268 578 publica
1295 534 1443 571 nostrae

363 584 452 621 Paci
480 584 645 622 amicitia
672 584 806 622 struxit
833 584 1082 622 moderamine
1109 585 1260 622 Romae.
1350 584 1445 637 [620

363 638 462 675 Nam
490 637 592 675 locus
620 648 699 675 esse
729 638 804 675 Deo
831 637 915 684 quis
943 639 1067 685 posset
1094 638 1134 675 in
1162 638 1246 676 orbe
1274 637 1398 685 feroci,

363 691 647 738 Pectoribusque
676 690 864 728 hominum
895 690 1139 737 discordibus,
1170 693 1206 728 et
1232 702 1301 729 sua
1319 692 1400 730 iura

364 743 546 781 Dissimili
574 743 716 781 ratione
744 743 949 790 tuentibus,
980 745 1023 781 nt
1049 743 1121 781 fuit
1149 744 1261 781 olim?

361 797 420 835 Sic
448 796 710 844 incompositos
738 796 900 834 humano
930 797 969 834 in
998 798 1141 844 pectore
1161 809 1308 844 sensus,
1365 799 1443 836 625

363 850 650 898 Disiunctasque
679 849 795 887 animi
822 851 970 887 turbato
998 850 1139 888 foedere
1167 852 1308 898 partes,

360 904 439 942 Nec
467 903 608 951 liquida
636 902 766 940 invisit
794 903 993 950 sapientia,
1024 915 1091 941 nec
1122 904 1220 941 Deus
1249 903 1384 942 intrat.

361 958 414 994 At
441 957 474 994 si
503 957 638 994 mentis
665 967 773 1003 apex,
804 957 987 1004 regnandi
1015 958 1093 994 iure
1120 956 1273 1004 potitus,

364 1010 552 1057 Pugnacis
580 1009 760 1048 stomachi
787 1009 917 1056 pulsus
945 1010 1128 1057 fibrasque
1156 1009 1310 1048 rebelles

361 1064 509 1109 Frenet,
540 1065 576 1100 et
604 1074 710 1101 omne
738 1062 839 1100 iecur
866 1063 1010 1100 ratione
1037 1064 1202 1101 coerceat
1221 1074 1320 1101 una:
1365 1064 1443 1102 630

362 1116 423 1153 Fit
451 1116 598 1154 stabilis
626 1116 724 1154 vitae
751 1117 888 1162 status,
918 1118 956 1153 et
983 1116 1169 1153 sententia
1195 1118 1295 1154 certa

362 1169 500 1206 Haurit
526 1169 633 1207 corde
662 1169 796 1215 Deum,
827 1168 974 1206 domino
1001 1169 1038 1206 et
1065 1169 1304 1216 subiungitur
1331 1170 1412 1208 uni.

306 1223 364 1260 En
394 1223 497 1268 ades,
528 1222 784 1268 Omnipotens,
806 1222 1049 1259 concordibus
1077 1222 1189 1260 influe
1216 1222 1348 1260 terris:

360 1276 443 1314 Iam
463 1275 624 1313 mundus
638 1277 690 1320 te,
714 1274 873 1320 Christe,
891 1275 1006 1322 capit,
1028 1286 1135 1322 quem
1150 1286 1333 1323 congrege
1348 1287 1442 1313 nexu

362 1330 440 1366 Pax
460 1330 496 1366 et
515 1330 632 1366 Roma
649 1330 800 1365 tenent:
822 1328 947 1375 capita
975 1328 1065 1365 haec
1084 1330 1122 1366 et
1138 1328 1301 1366 culmina
1320 1340 1442 1366 rerum

362 1383 453 1420 Esse
474 1382 590 1428 iubes,
612 1393 679 1419 nec
698 1382 815 1420 Roma
834 1381 903 1418 tibi
921 1381 1000 1419 sine
1019 1392 1108 1428 pace
1126 1381 1314 1429 probatur.
1347 1379 1440 1432 [635

361 1436 424 1482 Et,
456 1446 528 1482 pax
555 1437 598 1472 ut
625 1434 785 1482 placeat,
817 1434 908 1472 facit
935 1434 1152 1472 excellentia
1181 1435 1330 1481 Romae,

362 1489 462 1534 Quae
491 1489 613 1525 motus
641 1487 763 1525 varios
791 1487 901 1525 simul
930 1489 967 1525 et
994 1487 1132 1525 ditione
1158 1489 1312 1534 coercet,

362 1543 410 1579 Et
437 1545 571 1579 terrore
598 1541 750 1588 premit:
783 1552 849 1578 nec
877 1540 975 1578 enim
1004 1540 1163 1588 spoliata
1189 1540 1322 1588 prioris

361 1595 501 1633 Robore
529 1594 676 1632 virtutis
704 1594 840 1640 senuit,
872 1605 937 1631 nec
966 1594 1114 1631 saecula
1142 1593 1274 1640 sensit,
1360 1595 1438 1633 640

361 1649 399 1686 N
400 1660 440 1686 ec
454 1647 637 1694 tremulis,
650 1658 761 1694 quum
777 1647 874 1685 bella
884 1647 1032 1693 vocant,
1045 1646 1144 1694 capit
1158 1658 1261 1684 arma
1274 1647 1438 1686 lacertis:

361 1702 440 1739 Nec
467 1704 544 1738 tam
573 1700 743 1748 degeneri
773 1700 991 1738 venerandis
1020 1699 1205 1747 supplicat
1233 1711 1293 1738 016

363 1752 611 1801 Principibus,
642 1765 751 1801 quam
780 1753 860 1791 vult
887 1753 1112 1800 praenobilis
1142 1753 1202 1790 ille
1223 1755 1384 1800 senator,

363 1807 503 1846 Orandi
530 1809 607 1845 arte
635 1808 780 1854 potens,
810 1808 846 1844 et
873 1806 1010 1844 callida
1038 1805 1176 1853 fingere
1206 1806 1350 1854 doctus,

373 1931 421 1971 (l)
444 1940 522 1963 nam
543 1931 705 1970 sanquine
718 1931 821 1961 mixto
841 1930 980 1960 'l'eoeitur
993 1929 1131 1959 alterm's
1143 1939 1183 1959 ex
1200 1929 1351 1968 gentihus
1370 1938 1441 1960 una

308 1983 463 2012 μνομαρο.
488 1974 535 2003 Ad
565 1973 664 2003 locum
695 1973 883 2007 devenimus,
900 1973 931 2001 in
961 1979 1019 2008 quo
1042 1971 1224 2001 elucidando
1254 1971 1441 2008 interpretes

311 2016 389 2045 mira
397 2015 582 2045 eruditionis
593 2015 672 2044 111016
685 2014 849 2044 ¹ectoribus
861 2014 1034 2043 molestiam
1045 2013 1164 2043 adferre
1173 2014 1333 2043 conantur.
1346 2012 1441 2042 Nobis

308 2058 388 2086 satis
408 2058 452 2086 sit
476 2057 651 2092 adnotasse,
666 2056 786 2092 legibus
801 2055 837 2085 de
860 2055 1021 2091 iungendis
1042 2054 1162 2083 civibus
1186 2054 1364 2084 iubentibus
1385 2055 1441 2084 aut

310 2098 490 2127 vetantibus
521 2098 663 2133 omissis,
705 2098 767 2126 iam
790 2098 894 2127 aetate
928 2095 1139 2126 Prudentiaua
1169 2095 1351 2131 sanguinem
1380 2094 1439 2124 Ro-

309 2147 434 2169 manum
458 2139 551 2169 fuisse
573 2138 776 2175 maculatum,
801 2140 834 2168 et
855 2138 1027 2167 barbaricis
1049 2137 1222 2173 originibus
1237 2137 1438 2174 permixtum.
