1566 2482
273 171 351 215 252
648 181 800 216 AVRELH
826 181 1028 217 Pavonum

322 295 535 343 Ingenuum
563 306 601 332 se
629 305 737 333 nosse
764 306 877 343 puer:
898 295 1007 334 timor
1035 296 1155 335 omnis
1181 298 1321 337 abesto.

324 348 504 395 Vicimus,
535 347 717 386 exsultare
745 348 856 387 libet:
878 349 967 397 quid
993 350 1084 397 tale,
1114 351 1262 399 repulso

323 402 530 440 Poenorum
557 402 743 449 quondam
771 402 875 449 duce,
895 403 1078 452 contigit?
1105 403 1168 443 1116
1195 405 1333 452 petitae

323 456 528 503 Postquam
554 455 762 502 perculerat
788 456 1006 494 tremefacta
1033 458 1212 506 repagula
1238 461 1380 507 portae,

293 545 298 551 ,
323 507 477 546 Baianis
504 508 688 547 resolutus
715 509 822 557 aquis
851 509 909 559 (1)
938 509 1137 548 durissima
1165 511 1254 550 luxu
1311 513 1385 551 740

322 563 467 601 Robora
495 561 677 609 destituit,
708 562 917 611 ferrumque
945 563 1099 602 libidine
1127 564 1254 613 fregit.

321 617 374 654 At
401 616 525 653 noster
552 615 707 654 Stilicho
734 627 955 664 congressus
983 617 1189 656 comminus
1216 618 1299 667 ipsa

322 670 378 707 Ex
407 668 485 707 acie
513 668 650 707 ferrata
677 669 798 708 virum
825 670 913 708 dare
938 671 1046 719 terga
1073 671 1206 720 coegit.

321 722 393 760 Hic
422 721 592 760 Christus
618 722 726 761 nobis
754 723 853 761 Deus
881 723 1016 771 adfuit,
1047 725 1084 762 et
1110 736 1210 763 mera
1237 725 1380 764 virtus:

320 776 408 814 Illic
435 775 630 823 lascivum,
663 776 866 825 Campania
893 777 1043 824 fertilis,
1074 778 1217 817 hostem
1326 779 1400 818 745

324 829 487 867 Deliciae
515 829 634 867 vicere
661 830 770 868 tuae:
801 841 877 869 non
905 831 1075 879 Iuppiter
1102 843 1224 870 acrem

319 882 483 921 Protexit
509 883 679 930 Fabium,
710 883 775 922 sed
801 883 898 922 iuvit
923 894 1081 923 amoena
1106 886 1302 933 Tarentus,

318 938 418 983 Quae
446 935 547 974 dedit
575 936 756 975 illecebris
784 937 964 975 domitum
991 938 1133 977 calcare
1159 940 1376 987 tyrannum.

318 989 390 1028 His
405 1000 473 1037 ego
493 1000 558 1037 pro
572 990 714 1028 meritis
734 1002 827 1038 quae
846 991 1010 1039 praemia
1030 991 1146 1040 digna
1162 993 1376 1040 rependam,

318 1044 405 1082 Non
432 1043 563 1089 habeo,
594 1044 757 1082 membra
770 1044 905 1083 statuis
923 1044 1095 1093 effingere
1122 1045 1194 1084 vile
1221 1047 1292 1084 est.
1324 1046 1399 1084 750

318 1097 502 1135 Virtutem
530 1096 585 1134 nil
612 1097 685 1135 vile
713 1097 838 1135 decet:
870 1109 958 1135 nam
986 1098 1073 1145 vile,
1104 1099 1202 1147 quod
1228 1100 1332 1137 aetas

316 1149 450 1197 Eripit,
481 1161 568 1187 aera
594 1150 746 1197 cadunt,
774 1151 840 1188 aut
866 1151 1011 1189 fulvum
1038 1151 1167 1190 defluit
1193 1163 1347 1199 aurum3

317 1204 395 1241 Aut
421 1202 559 1241 candor
584 1203 681 1250 perit
707 1203 867 1251 argenti,
899 1203 932 1242 si
959 1203 1077 1242 defuit
1103 1216 1208 1253 usus,

315 1257 364 1294 Et
391 1255 536 1294 fuscata
564 1256 638 1294 situ
665 1257 866 1304 corrumpit
892 1269 987 1295 vena
1014 1257 1186 1296 colorem.

315 1309 411 1348 Viva
437 1309 523 1356 tibi,
554 1309 747 1358 Princeps,
779 1310 929 1348 debetur
956 1311 1090 1358 gloria,
1119 1311 1247 1349 vivum
1320 1312 1394 1350 755

314 1362 475 1402 Virtutis
501 1362 677 1411 pretium,
707 1363 818 1402 decus
846 1363 1055 1402 immortale
1083 1366 1222 1403 secuto.

314 1417 504 1464 Regnator
530 1416 660 1454 mundi
688 1416 835 1455 Christo
863 1417 1047 1456 sociabere
1074 1418 1113 1456 in
1141 1429 1287 1466 aevum,

315 1471 392 1516 Quo
421 1469 569 1508 ductore
596 1481 717 1508 meum
744 1470 863 1508 trahis
891 1471 939 1508 ad
966 1471 1141 1510 caelestia
1167 1483 1338 1521 regnum.

325 1578 371 1618 (l)
394 1579 535 1609 Baianis
556 1580 722 1610 resolutus
743 1581 841 1618 aquis
862 1581 923 1611 etc.
957 1581 1074 1612 Seneca
1095 1581 1154 1619 Ep.
1176 1582 1247 1614 LI.:
1282 1593 1301 1612 «
1324 1583 1394 1613 Vim

262 1620 450 1651 Hannibalis
470 1621 609 1659 hyberna
628 1621 797 1658 solverunt,
813 1624 846 1652 et
861 1622 1046 1653 indomitum
1062 1623 1150 1654 illum
1164 1624 1288 1655 nivibus
1302 1626 1395 1662 atque

261 1662 383 1701 alpibus
403 1662 507 1692 virum
528 1665 756 1694 enervaverunt
783 1663 921 1694 fomenta
942 1664 1146 1703 Campaniam
1177 1666 1275 1696 armis
1295 1666 1395 1702 vicit,

260 1704 350 1734 vitiis
370 1704 473 1734 victus
494 1706 544 1734 est
565 1714 597 1736 11.
621 1705 740 1741 L1wvs,
764 1705 881 1742 aliique
902 1714 918 1736 e
940 1707 1096 1736 veteribus
1121 1707 1280 1737 historicis
1309 1707 1392 1737 Han—

259 1745 395 1776 nibalem
416 1746 505 1775 nobis
527 1747 762 1783 repraesentant
782 1747 847 1777 otio
869 1746 1024 1786 Campano
1044 1749 1077 1778 et
1091 1748 1180 1778 vitiis
1201 1748 1393 1784 diffluentem,

259 1795 319 1824 quo
340 1787 465 1818 facilius
486 1796 638 1817 summum
662 1787 970 1825 Carthaginiensium
991 1788 1097 1819 ducem
1113 1789 1332 1828 deprimerent,
1346 1791 1392 1820 vi-

260 1829 450 1866 ctoriamque
481 1829 519 1859 de
550 1838 585 1859 eo
607 1829 816 1860 Romanorum
848 1829 887 1859 ad
919 1830 1036 1861 coelum
1059 1831 1201 1861 laudibus
1231 1832 1386 1863 efferrent.

259 1870 376 1908 Quibus
397 1869 549 1900 calculum
571 1870 700 1908 adiecit,
722 1880 797 1909 prae
812 1871 936 1908 ceteris,
953 1872 1073 1903 saeculo
1094 1871 1200 1903 XVIII
1216 1873 1320 1905 Ioann.
1336 1873 1392 1904 Ca-

259 1911 342 1942 rolus
364 1912 556 1949 Favoonm,
587 1913 678 1950 poeta
706 1912 807 1943 clarus
836 1913 917 1950 apud
939 1913 1052 1950 Italos,
1074 1914 1162 1944 cuius
1183 1915 1295 1944 tritum
1324 1914 1387 1953 epi·

258 1962 415 1988 gramma:
431 1953 546 1983 L’ozio
563 1954 730 1994 Campano
752 1955 788 1984 in
804 1954 1010 1993 lusinyhiero
1023 1958 1146 1995 aspetto
1160 1958 1217 1987 eto.
1234 1964 1290 1987 nos
1305 1956 1391 1994 pueri

259 1994 486 2025 studiosissime
507 1995 715 2026 recitabamus
737 1996 769 2025 in
791 1995 903 2026 scholis
917 1997 1038 2027 ordinis
1052 1997 1195 2033 secundi;
1219 1997 1274 2028 sed
1293 2006 1391 2028 cane·

257 2037 416 2067 scentibus
430 2037 517 2067 nobis
529 2037 678 2068 historiae
688 2037 847 2067 Romanae
859 2037 961 2068 facula
971 2041 1020 2069 est
1033 2038 1171 2076 admota,
1184 2039 1278 2076 atqms
1289 2047 1392 2069 omnes

257 2078 395 2115 plerique
426 2078 459 2108 in
491 2078 555 2109 alia
586 2079 689 2109 onmia
719 2079 918 2109 discedimus.
949 2079 986 2110 V.
1017 2080 1051 2112 C.
1074 2080 1194 2112 CANw’
1217 2093 1259 2107 =
1279 2081 1391 2111 Storia

262 2119 466 2156 Universale,
488 2120 572 2151 Toni.
596 2119 651 2157 IV,
673 2120 752 2151 ediz.
778 2121 828 2152 Vl.
852 2130 922 2159 pag.
947 2122 1017 2153 170.
