1566 2482
588 201 810 229 Aromnosoe
987 189 991 191 ’
1072 224 1078 229 .
1211 191 1262 230 63

119 317 190 357 Est
216 327 348 364 operae
375 314 536 364 pretium
563 314 734 354 nebulosi
760 314 949 366 dogmatis
979 316 1038 366 (1)
1066 317 1238 357 umbram

121 370 294 418 Pr0dere,
324 381 437 418 quam
463 370 594 408 tenues
622 369 739 409 atomi
765 381 944 419 compage
970 371 1119 410 minuta

119 424 355 464 Instituunt:
386 423 454 462 sed
479 434 588 462 cassa
615 423 730 471 cadit,
761 425 946 473 ventoque
971 425 1146 474 liquescit
1182 425 1260 464 955

119 477 332 525 Adsimilis,
362 477 560 522 fingi-nec
587 489 626 516 se
654 475 988 522 sustentatssnani.

63 533 65 535 ’
116 531 283 579 Aetium,
313 530 558 570 Manichaeus
585 531 654 578 ait,
685 531 766 571 sine
794 543 945 581 corpore
972 543 1058 580 vero

119 585 370 624 Pervolitasse
397 585 516 624 Deum
541 585 702 624 mendax
727 586 970 635 phantasma,
999 598 1202 636 cavamque

119 638 292 688 Corporis
318 638 499 688 effigiem;
530 639 587 677 nil
614 640 876 679 contrectabile
903 640 1115 679 habentem.

116 694 173 732 Ac
186 692 347 741 primum
361 693 503 742 specta,
519 705 569 731 an
583 693 712 732 deceat
726 694 929 743 quidquam
943 694 1162 733 simulatum
1182 695 1259 734 960

119 746 331 795 Adsignare
358 746 450 794 Deo,
481 746 587 785 cuius
614 759 716 786 mera
743 747 865 797 gloria
891 747 981 786 falsi

122 800 189 839 Nil
217 799 360 848 recipit.
391 800 570 839 Membris
596 801 659 839 hic
686 813 726 839 se
752 801 953 840 fallacibus
980 803 1116 850 aptans

118 854 296 902 Fingeret
322 865 402 892 esse
429 853 616 893 hominem
643 856 810 903 raetosa
824 855 1143 902 subdolnsarm

116 907 301 946 Mentitus
326 907 453 955 toties,
484 920 598 956 quum
626 908 785 948 diceret:
816 908 1045 960 Inveteratis

115 962 173 1000 Do
199 961 348 1005 veniam
374 961 528 1009 morbis,
557 962 669 1001 simul
697 964 734 1001 et
759 964 912 1011 peccata
938 962 1101 1001 remitto.
1178 963 1256 1001 965

116 1014 234 1053 Filius
262 1016 320 1053 est
347 1014 523 1063 hominis,
554 1016 696 1064 pestem
724 1016 788 1064 qui
814 1016 950 1064 pellere
977 1017 1116 1064 carnis,

114 1068 164 1107 Et
191 1068 371 1107 scelerum
398 1080 516 1107 nexus
542 1069 685 1117 laxare,
715 1082 760 1108 ac
787 1069 931 1109 solvere
957 1070 1092 1118 possit.

114 1122 231 1171 Surge
258 1121 404 1169 valens,
425 1134 537 1171 surge
563 1123 763 1171 innocuus,
783 1123 859 1162 iam
885 1123 974 1162 tolle
1002 1124 1226 1173 grabatum:

115 1175 234 1214 Filius
262 1175 332 1214 hoc
358 1176 522 1215 hominis
547 1175 669 1225 iubeo,
700 1177 886 1226 dignusne
914 1177 1061 1216 videtur

114 1228 185 1274 Qui
210 1229 320 1268 testis
348 1229 420 1268 sibi
447 1229 512 1277 sit,
539 1242 649 1279 seque
677 1242 721 1270 ac
749 1243 818 1270 sua
845 1243 980 1270 carnea
1007 1231 1134 1270 norit?
1176 1232 1254 1271 970

114 1282 237 1329 Quid?
265 1294 380 1331 quum
407 1283 624 1332 discipulos,
654 1284 816 1324 hominis
845 1285 943 1334 quod
970 1285 1071 1323 filius
1099 1287 1197 1324 esset

112 1337 315 1383 Passurus,
345 1336 419 1376 fido
446 1337 522 1375 iam
548 1338 739 1386 praescius
767 1350 827 1378 ore
855 1339 1059 1378 monebat?

113 1390 249 1428 Nonne
276 1389 478 1438 fatebatur,
509 1403 547 1430 se
575 1403 660 1431 cum
686 1392 824 1431 virtute
850 1394 1008 1441 paterna

112 1443 205 1482 Esse
232 1443 421 1483 hominem
447 1448 604 1484 verum?
632 1446 729 1495 quod
757 1446 791 1485 si
818 1457 894 1485 non
922 1447 1044 1494 credo,
1074 1446 1224 1486 fefellit.

113 1496 151 1535 Si
178 1498 316 1536 natura
342 1498 412 1537 Dei
439 1510 532 1547 quae
561 1499 624 1547 sit,
655 1500 888 1547 Manichaeo,
918 1500 1091 1550 requiris,
1176 1500 1252 1539 975

113 1550 230 1589 Omne
245 1551 343 1599 quod
356 1553 560 1598 est‚verum
573 1554 643 1591 est.
667 1554 767 1591 Nam
786 1554 819 1592 si
837 1554 1035 1592 mendosus
1051 1554 1133 1602 agit
1148 1554 1252 1603 quid,

113 1604 193 1642 Nec
221 1604 321 1643 Deus
348 1606 427 1643 est:
458 1606 632 1644 mendum
659 1607 808 1645 divinus
836 1619 911 1646 non
939 1607 1040 1655 capit
1066 1619 1190 1650 usus..

116 1656 257 1696 Obiicis
283 1659 433 1696 aeterno
460 1659 634 1707 Domino,
665 1660 763 1709 quod
788 1660 953 1700 lubricus
983 1662 1042 1710 (2)
1070 1661 1120 1699 ad
1147 1672 1216 1700 nos

111 1710 282 1759 Venerit,
311 1711 543 1751 adsimulans
571 1713 690 1761 aliud,
721 1725 832 1762 quam
859 1726 968 1753 verus
996 1715 1172 1753 habebat.

116 1764 350 1812 obmutesce,
366 1764 491 1805 furor:
511 1766 683 1816 linguam
702 1768 807 1807 canis
826 1768 1005 1817 improbe,
1021 1769 1146 1808 morde
1177 1769 1256 1807 980

112 1818 199 1867 Ipse
226 1819 346 1867 tuam,
375 1819 497 1859 lacero
524 1832 746 1861 consumens
771 1823 887 1861 verba
912 1822 1055 1871 palato.

173 1924 218 1963 (1)
239 1924 394 1956 Nebulosi
415 1926 580 1965 dogmatis
602 1927 768 1960 umbram.
792 1929 910 1966 Tangit
931 1928 1184 1960 Manichaeorum
1207 1938 1252 1961 er·

113 1974 215 1996 rorem
237 1967 275 1997 de
296 1966 414 1998 Christi
436 1968 546 2000 carne.
570 1969 608 2002 V.
632 1969 664 2000 S.
690 1970 827 2001 Avcvsr.
852 1970 990 2003 Confess.
1013 1971 1084 2002 Lib.
1103 1971 1140 2004 V.
1165 1972 1195 2004 3.

174 2007 220 2048 (2)
245 2007 403 2040 lubricus.
427 2010 543 2042 Graece
563 2009 794 2060 ὀλισθηρὸς;
817 2013 850 2043 et
871 2014 920 2043 est
948 2013 1123 2052 appositum
1146 2022 1253 2053 perpo-

110 2055 199 2086 tuum
212 2056 395 2087 animalium
419 2058 626 2097 reptantium,
644 2060 684 2090 ab
706 2069 812 2090 eorum
841 2059 1003 2092 incedendi
1031 2061 1165 2093 ratione.
1194 2062 1254 2092 Hic

111 2097 192 2128 idem
207 2098 290 2128 valet
312 2099 477 2135 lubricus.
500 2109 536 2132 ac
556 2101 659 2133 bestia
680 2103 749 2141 ipsa
770 2110 849 2140 quae
870 2102 981 2141 serpit.
995 2103 1130 2135 —Hinc
1150 2114 1168 2133 (ε
1191 2112 1253 2135 ser-

110 2147 198 2177 pens.
224 2151 242 2168 »
265 2140 362 2171 Vetus
384 2140 503 2174 Glossa.
