1566 2482
7 1305 13 1318 ..
7 1269 16 1296 ..-
7 1166 19 1255 ‹aq-2,
7 1134 20 1153 .-vv

430 156 583 192 con-rut
601 148 795 201 mom
821 157 1041 194 cumomni.

218 272 417 317 Incassum
426 284 582 322 arguere
591 273 668 312 iam
676 273 838 312 Taurica
846 285 955 312 sacra
965 273 1025 322 (1)
1034 274 1211 313 solemus:
1225 275 1303 314 395

218 325 403 365 Funditur
430 326 619 366 humanus
646 327 792 366 Latiari
818 327 861 365 in
887 338 1043 367 munere
1067 327 1240 377 sanguis

218 380 495 428 consessusque
522 380 586 419 il-le
614 381 851 429 spectantum
878 381 992 420 solvit
1018 381 1067 419 ad
1094 393 1196 420 aram

210 433 392 472 ⁴Plutonis
418 433 499 472 fera
524 435 612 472 vota
638 434 710 473 sui.
742 434 839 481 Quid
866 434 1034 474 sanctius
1062 435 1122 484 (2)
1150 447 1232 482 ara,

218 487 320 534 Quae
346 487 443 525 bibit
469 489 636 536 egestum
663 499 729 536 per
755 488 915 537 mystica
941 488 1017 527 teia
1042 491 1235 528 cruorem?

220 541 330 578 Anne
357 541 450 579 fides
468 541 581 579 dubia
608 543 666 580 est
691 541 776 589 tibi,
797 543 869 580 sub
895 542 1058 590 caligine
1084 554 1193 582 coeca
1228 542 1307 581 400

219 594 312 632 Esse
340 595 473 642 Deum,
503 606 612 643 quem
640 597 682 633 tu
709 596 838 634 tacitis
864 595 1012 635 rimeris
1040 596 1081 634 in
1108 596 1281 635 umbris?

220 647 331 694 Ecce,
362 648 449 686 deos
477 650 609 687 Manes
638 649 698 698 (3)
730 661 795 688 cur
822 649 1000 688 infitiaris
1027 650 1183 688 haberi?

220 700 310 748 Ipsa
327 703 477 750 patrum
496 703 736 741 monumenta
754 703 936 751 probant:
958 702 1018 742 dis
1035 704 1212 742 Manibus
1231 702 1310 741 illic

221 754 409 793 Marmora
436 757 537 794 secta
563 756 647 804 lego
660 787 669 802 ,
699 768 950 805 quaecumque
978 757 1116 795 Latina
1143 757 1310 796 vetustos

223 808 393 847 Custodit
419 809 576 856 cineres,
607 810 804 858 densisque
827 810 972 849 Salaria.
990 811 1113 849 bustis
1134 810 1210 859 (4).
1233 810 1310 849 405

222 860 308 908 Dic,
348 862 483 910 quibus
511 863 610 901 hunc
647 863 780 902 scribis
815 863 966 902 titulum
993 864 1074 912 (5):
1108 863 1184 902 nisi
1212 863 1310 912 quod

1063 915 1197 968 [trucis
1225 917 1313 956 Orci

236 1015 284 1054 (l)
314 1019 490 1048 Incassum
518 1025 658 1055 arquere
687 1017 756 1047 iam
783 1017 927 1046 Taurica
955 1025 1064 1047 sacra.
1093 1016 1181 1046 Inter
1208 1025 1314 1055 popu-

169 1060 228 1098 los,
250 1060 302 1098 qui
325 1060 476 1090 humanas
500 1059 649 1089 victimas
673 1058 736 1088 diis
751 1059 929 1089 mactarent
952 1059 1047 1095 atque
1071 1058 1188 1088 Tauros
1213 1057 1311 1089 Fnut.

171 1103 372 1134 Lmunnvs
393 1102 569 1140 percenset;
605 1101 639 1131 et
659 1100 695 1130 L.
720 1101 748 1136 Ι,
781 1109 810 1132 c.
834 1108 892 1130 xm
914 1108 966 1130 eos
986 1099 1054 1136 lege
1086 1099 1315 1138 eon-paravisse

193 1145 343 1180 testatur,
367 1144 403 1173 ut
432 1143 548 1173 Dianae
571 1142 710 1180 hospites
732 1141 950 1178 immolarent2
982 1149 1082 1179 neque
1104 1141 1145 1171 ab
1165 1141 1224 1171 hoc
1245 1142 1314 1172 bar-

171 1186 246 1216 baro
278 1194 363 1215 more
393 1185 591 1215 abhorruisse
624 1185 734 1214 narrat-
766 1184 894 1214 Latinos
922 1184 1017 1222 ipsos,
1041 1183 1078 1213 de
1111 1183 1223 1220 quibus
1245 1183 1312 1214 ait:

171 1239 191 1256 ‹<
214 1227 348 1258 Latialis
370 1226 492 1265 Iupiter
512 1227 608 1256 etiam
631 1235 713 1256 nunc
733 1226 887 1263 sanguine
910 1226 1025 1256 coiitur
1049 1224 1196 1255 humano.
1215 1235 1233 1252 »
1248 1224 1312 1257 cfr.

172 1270 316 1305 Lips1vu,
339 1269 388 1299 De
409 1268 647 1307 Amphiteatm.
671 1276 740 1306 cap.
764 1268 818 1297 IV.

235 1311 280 1350 (2)
303 1311 385 1350 quid
405 1311 593 1341 sanctius...
617 1319 694 1341 ara.
718 1310 803 1340 Haec
826 1307 1036 1355 εἰρωνεικῶς.

237 1359 284 1398 (3)
308 1359 388 1388 Ecce
402 1359 476 1388 deos
489 1359 618 1388 Manes.
635 1358 687 1388 Dii
702 1358 810 1388 Manes
830 1357 916 1387 fuere
938 1354 971 1390 οἱ
993 1355 1120 1397 νέκυες,
1145 1353 1182 1389 αἱ
1207 1354 1319 1401 ψυχαὶ

173 1411 239 1441 τῶν
262 1410 398 1452 νεκρῶν,
420 1406 457 1437 V.
482 1406 659 1441 Arnum,
683 1406 732 1436 De
754 1405 820 1435 Deo
841 1405 1001 1439 Sam-atis:
1026 1406 1060 1434 et
1081 1404 1115 1436 S.
1132 1403 1317 1436 Auovsrm.

175 1456 223 1486 De
245 1456 386 1487 Ciuitate
406 1455 480 1490 Dei,
503 1455 526 1483 L
562 1453 619 1490 IX,
644 1454 696 1490 11,
719 1453 781 1485 crr.
803 1455 836 1483 et
857 1454 949 1484 Snnv.
969 1453 1010 1482 ad
1031 1452 1078 1482 111
1099 1450 1236 1482 Aeneid-
1261 1449 1317 1482 63.

175 1497 378 1527 annunnvs
399 1496 478 1526 Deos
494 1496 598 1525 Manes
613 1503 672 1525 non
686 1503 756 1525 esse
768 1495 830 1525 diis
843 1493 1090 1524 adnumerandos
1111 1492 1318 1524 demonstrat.

240 1538 285 1577 (4)
309 1538 475 1568 Latina...
491 1537 662 1575 densisque
676 1536 813 1566 Salaria
827 1536 943 1567 bustis.
967 1535 1102 1566 Subaudi
1119 1536 1186 1565 oia.
1204 1534 1320 1564 Latina

176 1582 291 1613 autem.
303 1588 322 1610 a
330 1580 421 1618 porta
430 1578 623 1616 cognomine.
637 1579 670 1608 in
680 1577 806 1616 populos
818 1577 948 1607 Latinos
961 1577 1029 1606 ibat
1038 1585 1093 1614 per
1103 1575 1319 1610 Ferentium,

177 1623 346 1659 Aquinum,
362 1621 521 1656 Casinum,
536 1620 687 1656 Teanum,
703 1619 877 1650 Sidicinum
891 1620 924 1649 et
938 1618 1109 1649 Casilinum
1125 1625 1246 1655 agrum.
1263 1616 1319 1647 ubi

177 1673 247 1695 cum
268 1663 371 1702 Appia
391 1662 650 1699 ‹eoniungebatur,
674 1661 700 1691 Α
721 1661 842 1692 Salaria
856 1661 960 1698 porta.
977 1668 1056 1697 quae
1070 1660 1179 1697 postea
1199 1658 1320 1690 Collina

178 1706 249 1740 fuit,
271 1706 326 1736 via
352 1704 579 1743 producebatur
605 1703 744 1734 eiusdem
773 1703 923 1735 nominis:
948 1702 1006 1732 boc
1027 1710 1099 1732 vero
1119 1701 1245 1731 nomine
1266 1699 1320 1730 do-

178 1747 361 1785 nata,quod
376 1746 578 1785 impetratum
594 1746 709 1781 fuerat,
730 1746 767 1775 ut
787 1753 825 1775 ea
839 1744 950 1774 iiceret
974 1743 1123 1774 Romanis
1145 1751 1165 1772 a
1184 1741 1268 1773 mari
1287 1742 1322 1772 in

179 1789 311 1820 Sabinos
323 1788 419 1819 salem
433 1789 627 1819 convectare.
640 1787 678 1818 V.
692 1787 782 1818 Pun.
795 1787 915 1818 Mnon.
928 1786 968 1815 H.
984 1785 1024 1817 N.
1036 1786 1077 1816 N.
1089 1784 1210 1820 XXXI,
1223 1783 1255 1820 7.
1267 1783 1320 1814 41.

243 1830 290 1869 (5)
312 1830 399 1860 hunc
413 1830 529 1860 scribis
543 1830 692 1860 titulum.
715 1829 752 1859 In
766 1827 939 1867 epitaphiis
953 1827 1124 1857 scribendis
1147 1825 1256 1856 titulos
1271 1833 1321 1855 ve-

180 1873 264 1903 teres
284 1871 418 1902 Romani
439 1881 459 1902 a
479 1871 598 1902 duabus
626 1871 746 1902 litteris
766 1870 976 1907 singularibus
997 1869 1193 1906 incipiebant
1213 1867 1252 1899 D.
1275 1866 1321 1899 M.

181 1913 293 1951 quibus
314 1914 536 1951 quodammodo
550 1914 750 1943 monumenta
763 1921 888 1942 suorum
910 1912 979 1942 Diis
1000 1910 1143 1941 Manibus
1166 1916 1323 1939 consecra-

182 1955 263 1986 rent.
287 1955 324 1986 Id
345 1963 416 1986 vero
437 1955 512 1986 adeo
534 1956 630 1985 moris
651 1955 725 1990 fuit,
749 1954 786 1985 ut
807 1954 981 1985 Christiani
1003 1951 1140 1982 nominis
1161 1949 1321 1984 mortales,

182 1996 229 2027 nss
250 1996 340 2035 plane
361 1997 532 2027 sentientes
559 2006 579 2027 a
598 1997 638 2027 D.
661 1997 705 2027 M.
729 1996 911 2026 memoriam
941 1996 976 2025 et
1004 1994 1139 2024 virtutes
1167 1991 1322 2032 Christia-

183 2046 292 2069 norum
312 2038 501 2077 scalperent,
523 2046 711 2076 quamquam
738 2037 900 2068 nonnullos
922 2036 1062 2066 videmus
1083 2035 1121 2065 B.
1145 2034 1189 2066 M.
1213 2034 1324 2073 (bonae

183 2081 362 2118 memoriae)
383 2089 443 2110 non
471 2081 508 2110 D.
532 2081 576 2112 M.
599 2080 750 2118 sepulcris
770 2080 870 2110 sacris
890 2078 1039 2117 posuisse.
1063 2077 1108 2107 'I'u
1131 2084 1215 2110 vero,
1239 2074 1325 2106 beni-

183 2131 244 2159 gne
264 2122 374 2158 lector,
398 2121 522 2152 facilius
543 2131 560 2152 e
582 2121 831 2152 Christianorum
853 2121 957 2159 capite
978 2127 1099 2149 omnem
1127 2117 1250 2156 culpam
1273 2116 1324 2147 de-
