1566 2482
294 225 370 265 144
666 234 820 263 Avnnnn
857 233 1058 262 PRVDENTH

292 347 365 386 His
391 358 459 385 vos
485 345 648 384 imbutos
675 343 834 392 dapibus
863 342 921 393 (1)
949 342 1026 381 iam
1053 343 1208 391 crapula
1234 341 1357 391 turpis

292 400 476 440 Luxuriae
504 399 553 438 ad
579 398 771 437 madidum
797 396 898 445 rapit
924 396 1139 445 importuna
1165 397 1354 445 lupanar?

290 456 461 502 Quosque
488 453 587 492 viros
616 463 693 491 non
720 451 780 490 ira
807 451 984 497 fremens,
1014 450 1186 498 idolaque
1216 451 1315 489 bello
1345 449 1407 500 (2)

291 509 425 547 Cedere
453 506 727 555 compulerant,
759 503 934 543 saltatrix
961 503 1063 542 ebria
1090 504 1222 542 flexit?
1355 504 1434 543 380

290 563 410 608 State,
427 572 569 609 precor,
587 559 702 598 vestri
715 570 909 605 memores,
927 569 1106 596 memores
1121 569 1263 606 quoque
1278 557 1433 596 Christi.

289 617 390 662 Quae
409 615 460 654 sit
477 615 604 653 vestra
621 613 757 659 tribus,
780 624 874 660 quae
894 611 1030 660 gloria,
1053 611 1137 659 quis
1157 612 1272 658 Deus,
1296 612 1333 649 et
1351 623 1430 658 rex,

290 670 381 716 Quis
409 668 583 707 dominus
610 666 822 705 meminisse
851 666 968 704 decet.
996 666 1074 704 Vos
1101 664 1240 711 nobile,
1272 665 1390 703 Iudae

291 725 450 762 Germen
477 722 527 759 ad
552 732 668 770 usque
696 719 766 759 Dei
794 719 1028 768 genitricem,
1060 730 1134 766 qua
1162 719 1262 757 Deus
1289 718 1368 766 ipse

291 778 402 816 Esset
427 777 552 821 homo,
582 785 774 822 procerum
801 772 958 812 venistis
985 772 1171 821 sanguine
1198 772 1324 820 longo.
1355 773 1432 810 385

290 830 437 870 Excitet
463 828 636 878 egregias
664 828 807 866 mentes
835 826 1071 865 celeberrima
1098 825 1221 864 David

290 884 432 931 Gloria,
462 882 653 922 continuis
680 882 863 921 bellorum
890 879 1052 919 exercita
1078 879 1192 927 curis.
1329 909 1334 916 .

289 938 438 976 Excitet
465 938 502 975 et
529 935 694 982 Samuel,
726 932 885 983 spolium
913 933 977 982 qui
1005 933 1120 972 divite
1147 933 1196 971 ab
1223 933 1328 971 hoste

288 992 499 1030 Attrectare
528 991 645 1037 vetat,
677 1000 744 1027 nec
771 988 910 1027 victum
939 987 1063 1025 vivere
1091 998 1216 1035 regem

289 1043 597 1084 Incircumcisum
624 1042 766 1091 patitur
782 1072 791 1088 ,
822 1053 868 1080 ne
895 1040 1034 1089 praeda
1061 1042 1247 1088 superstes
1354 1040 1433 1078 390

288 1099 474 1137 Victorem
501 1097 689 1145 placidum
717 1095 881 1134 recidiva
908 1094 949 1132 in
976 1094 1117 1142 proelia
1143 1095 1288 1142 poscat,

291 1154 446 1190 Parcere
475 1151 552 1189 iam
578 1151 688 1198 capto
715 1149 855 1188 crimen
882 1148 992 1196 putat
1018 1147 1081 1186 ille
1098 1148 1282 1196 tyranno:

287 1207 340 1245 At
365 1205 471 1244 vobis
497 1207 627 1243 contra
653 1202 753 1242 vinci
780 1204 818 1240 et
844 1202 1078 1240 succumbere
1104 1202 1230 1239 votum
1257 1206 1327 1239 est.

289 1258 498 1306 Poeniteat,
529 1269 593 1306 per
623 1257 698 1306 (3),
729 1256 863 1304 siqua
889 1256 1012 1293 movet
1038 1254 1242 1292 reverentia
1271 1253 1406 1292 summi

289 1312 480 1358 Numinis,
511 1311 580 1350 hoc
598 1311 674 1348 tam
695 1309 799 1348 dulce
818 1309 958 1348 malum
976 1307 1136 1347 voluisse
1155 1308 1318 1347 nefanda
1355 1308 1432 1346 395

289 1366 501 1405 Proditione
529 1364 655 1412 sequi3
687 1363 720 1401 si
746 1362 924 1411 poenitet,
955 1362 1055 1400 haud
1083 1363 1191 1400 nocet
1217 1373 1329 1400 error.

288 1419 479 1460 Poenituit
507 1418 708 1457 Ionatham
736 1416 875 1455 ieiunia
903 1415 1026 1454 sobria
1054 1415 1151 1453 dulci

288 1473 526 1512 Conviolasse
553 1471 639 1509 favo
667 1469 819 1518 sceptri,
851 1469 1043 1517 mellisque
1071 1479 1200 1517 sapore

288 1528 369 1565 Heu
398 1526 493 1564 male
522 1525 689 1574 gustato,
721 1523 827 1572 regni
857 1523 943 1561 dum
971 1522 1110 1561 blanda
1138 1522 1309 1570 voluptas

287 1580 458 1619 Oblectat
486 1580 671 1625 iuvenem,
702 1577 894 1625 iurataque
924 1587 1031 1614 sacra
1043 1574 1100 1625 (4)
1128 1575 1293 1614 resolvit.
1326 1575 1403 1614 400

287 1634 357 1673 Sed
386 1633 474 1682 quia
500 1631 708 1681 poenituit3
740 1642 807 1670 nec
835 1641 915 1669 sors
934 1628 1176 1668 lacrimabilis
1194 1628 1261 1666 illa
1278 1629 1337 1678 (5)
1357 1630 1428 1676 est,

349 1758 395 1797 (lv)
417 1758 482 1789 His
504 1767 557 1787 vos
577 1756 715 1786 imbutos
736 1754 877 1793 dapibus
899 1754 957 1783 etc.
974 1736 1109 1783 Adverte
1126 1753 1156 1782 in
1181 1753 1236 1782 hoc
1258 1752 1323 1782 loco
1346 1761 1429 1783 men-

288 1801 403 1831 tionem
425 1800 462 1829 de
483 1799 535 1829 SS.
560 1798 769 1833 Sacramento,
795 1804 884 1833 quam
900 1795 1118 1825 annotavimus
1133 1793 1219 1840 Περὶ
1242 1792 1430 1840 Στεφάνων,

287 1849 482 1930 ΧῙ’(21)7ῗτ“οη
504 1889 594 1919 idola
616 1888 708 1919 bello.
731 1887 868 1921 Tnzon.;
891 1885 945 1915 sed
968 1885 1000 1915 in
1015 1884 1190 1915 Gesilianae
1214 1883 1363 1914 editionis
1376 1891 1431 1913 ora

286 1932 419 1970 legitur:
434 1948 478 1955 —
492 1931 591 1962 Aldi:
616 1941 633 1958 «
648 1930 799 1968 idolaque
817 1939 833 1955 »
849 1936 939 1964 quam
956 1934 1134 1964 germanam
1157 1925 1232 1963 puto
1253 1925 1429 1956 lectionem.

350 1975 395 2012 (3)
413 1984 486 2013 per,
508 1974 539 2004 si
559 1982 626 2010 qua
648 1974 750 2001 movet
770 1970 1004 2000 moerentia...
1031 1968 1198 1998 Verborum
1213 1967 1301 2002 ordo,
1316 1966 1354 1997 de
1382 1966 1430 1996 iu-

286 2017 407 2046 dustria
436 2016 648 2054 perturbatus,
674 2014 706 2043 iu
742 2013 875 2043 mentem
899 2011 987 2041 nobis
1009 2010 1112 2041 locum
1147 2009 1273 2040 revocat
1293 2007 1428 2039 Aeneia.

287 2058 328 2094 Π,
351 2058 594 2137 (Ιιὸ2ἒιιναιαᾳιιε
615 2106 725 2127 sacra.
748 2095 831 2135 Quae
861 2094 934 2125 Saul
964 2094 1054 2133 pater
1083 2092 1258 2124 iuramento
1286 2092 1426 2122 voverat.

289 2140 326 2170 V.
351 2140 428 2170 Rue..
451 2140 479 2175 I,
503 2148 594 2175 xxlv,
617 2138 671 2170 24.

354 2182 401 2220 (5)
422 2181 484 2211 illu
505 2184 552 2212 esc
576 2181 694 2211 Timor.
717 2196 758 2203 —
780 2178 853 2209 ulla
874 2180 921 2208 est
942 2178 1045 2209 (ἔπει-ιι.
