1566 2482
275 151 325 188 88
650 159 801 187 Avnnnu
836 159 1038 188 PRVDENTII

274 270 331 308 Ac
357 269 460 307 velut
485 267 642 306 artificis
670 266 819 305 Domini
847 279 982 306 manus
1009 267 1266 315 imperfectum
1295 267 1356 318 (1)

274 324 325 362 Os
353 322 508 369 dederit,
540 321 637 369 quod
664 321 786 359 adhuc
804 332 863 359 res
891 321 1031 370 exigat,
1062 322 1128 360 aut
1155 322 1371 370 hiacynthis
1394 346 1397 350 ·

272 376 433 424 Pingere
462 374 638 414 sutilibus
667 374 726 422 (2)
755 374 948 413 redimitae
975 374 1111 414 frontis
1140 375 1179 413 in
1207 388 1306 423 arce,

272 430 376 468 Colla
403 429 462 467 vel
489 428 622 476 ignitis
650 428 796 466 sincera
822 427 1012 476 incingere
1041 428 1165 476 sertis,
1338 429 1415 467 270

271 482 436 521 Auribus
464 484 533 519 aut.
557 481 726 529 gravidis
753 481 890 519 virides
918 482 1139 530 suspendere
1166 483 1324 521 baccas:

272 536 444 574 Nectitur
471 536 508 573 et
535 533 666 572 nitidis
694 535 919 573 concharum
946 535 1112 574 calculus
1139 535 1270 574 albens

271 589 458 636 Crinibus,
490 588 719 636 aureolisque
747 588 845 636 riget
872 599 977 627 corna
1003 590 1104 627 texta
1131 590 1293 628 catenis.

270 643 407 680 Taedet
435 642 638 689 sacrilegas
666 642 828 679 matrum
847 653 1055 689 percurrere
1074 653 1198 690 curas,

271 695 488 734 Muneribus
516 695 644 733 dotata
672 694 741 733 Dei
768 706 862 743 quae
879 696 1067 743 plasmata
1086 695 1169 734 fuco
1338 695 1414 734 275

270 749 467 796 Inficiunt‚
497 750 539 786 ut
565 748 769 796 pigmentis
797 748 893 786 cutis
921 749 1031 787 inlita
1058 750 1190 796 perdat

271 802 376 848 Quod
403 802 537 848 fuerat,
569 801 664 839 falso
692 812 767 839 non
795 803 1034 850 agnoscenda
1061 803 1195 842 colore.

271 856 375 894 Haec
402 868 510 894 sexus
537 855 634 893 male
661 855 769 893 fortis
797 855 982 904 agithcui
1008 858 1151 903 pectore
1179 856 1220 894 in
1254 857 1335 894 arto

270 910 378 948 Mens
406 908 569 958 fragilis,
599 908 703 946 facili
731 909 905 948 vitiorum
935 910 1093 948 fluctuat
1120 911 1238 948 aestu

270 963 397 1009 Quid?
426 963 523 1011 quod
542 964 579 1000 et
606 962 683 1011 ipse
711 964 824 1010 caput
853 962 1044 1001 muliebris
1072 963 1234 1012 corporis
1261 964 1298 1006 et
1333 974 1412 1008 rtur,

269 1069 339 1116 Qui
366 1069 464 1117 regit
491 1069 697 1107 invalidam
725 1069 873 1117 propria
902 1070 945 1107 de
973 1080 1084 1108 carne
1112 1070 1292 1108 resectam

270 1122 514 1169 Pmtioulam,
545 1121 610 1171 qui
637 1134 704 1161 vas
732 1125 899 1161 tenerum
928 1123 1068 1161 ditione
1095 1124 1295 1171 gubernat,

268 1175 429 1214 Solvitur
456 1176 496 1213 in
523 1175 664 1213 luxum.
699 1176 837 1214 Cernas
865 1176 1077 1215 mollescere
1107 1176 1167 1228 (3)
1197 1176 1299 1215 cultu

269 1229 414 1268 Heroas
442 1229 599 1276 vetulos,
630 1228 752 1277 opifex
780 1229 914 1278 quibus
941 1241 1073 1278 aspera
1100 1231 1267 1269 membra

269 1282 461 1329 Finxerat,
493 1283 529 1320 et
556 1282 697 1330 rigidos
725 1282 924 1321 duraverat
951 1283 1097 1322 ossibus
1124 1285 1244 1322 artus.
1335 1285 1412 1323 285

269 1336 339 1374 Sed
366 1336 481 1384 pudet
507 1347 587 1374 esse
616 1336 738 1382 viros;
771 1337 956 1384 quaerunt
981 1336 1188 1375 vanissima
1216 1349 1381 1386 quaeque

269 1390 359 1436 Quis
386 1389 556 1427 niteant:
586 1390 752 1438 genuina
779 1390 894 1437 leves,
925 1392 967 1428 ut
994 1391 1125 1429 robora
1152 1390 1316 1439 solvant,

268 1442 412 1481 Vellere
441 1453 517 1481 non
545 1443 684 1490 ovium,
716 1443 780 1482 sed
810 1444 886 1482 Eoo
914 1456 956 1481 ex
985 1445 1071 1482 orbe
1098 1444 1227 1492 petitis

269 1497 471 1535 Ramorum
499 1496 628 1544 spoliis
655 1496 847 1535 fluitantes
875 1497 1018 1536 sumere
1038 1498 1198 1537 amictus
1219 1498 1279 1547 (4)

271 1550 458 1597 Gaudent,
488 1551 525 1588 et
552 1550 685 1588 durum
713 1550 869 1589 scutulis
897 1550 1116 1598 perfundere
1143 1562 1289 1600 eorpus.
1335 1552 1413 1591 290

333 1717 377 1755 (1)
402 1717 450 1746 Ao
471 1717 555 1746 velut
577 1717 783 1754 artificis
808 1717 893 1748 Vers.
917 1717 1024 1755 spond.

333 1759 379 1796 (2)
400 1759 567 1789 sutilibus.
592 1759 697 1794 Multi,
714 1758 886 1789 Gmumvm
909 1760 1021 1796 secuti,
1045 1757 1246 1789 scultizibue.
1270 1758 1339 1797 Ipse
1362 1759 1411 1790 ta-

270 1807 339 1829 men
361 1800 497 1830 Batavus
519 1800 692 1838 philologus
715 1800 747 1829 in
768 1808 823 1829 ora
845 1799 921 1830 edit.
944 1809 1018 1830 suae
1039 1801 1195 1839 parisinae
1213 1799 1308 1830 habet
1328 1801 1413 1831 suti-

271 1840 369 1871 libus.
387 1841 528 1872 Ceterum
542 1842 646 1872 noster
668 1841 802 1880 lapillos
823 1841 939 1871 sutiles
960 1842 1088 1880 scripsit
1109 1842 1141 1871 in
1163 1839 1314 1888 Καθήμ,
1340 1842 1409 1880 vn,

273 1886 348 1922 158;
373 1888 406 1917 et
428 1896 482 1917 nos
504 1887 638 1918 vidimus
660 1888 757 1918 etiam
769 1888 867 1917 sutile
887 1888 1031 1918 vinclum
1053 1885 1140 1933 Περὶ
1151 1886 1250 1934 Στεφ.
1269 1889 1327 1925 IV,
1356 1889 1410 1922 24.

334 1934 384 1973 (3)
409 1943 524 1965 cernas
546 1935 740 1965 mollescere.
765 1935 913 1965 Homines
943 1935 1052 1965 molles
1083 1937 1336 1974 effeminatosque
1357 1943 1413 1974 per

270 1979 481 2014 contemptum
503 1977 621 2006 romani
651 1977 795 2012 feminas,
817 1977 1015 2007 semivirosve
1036 1977 1240 2015 appellavere.
1262 1977 1300 2007 V.
1317 1977 1410 2009 Vmo-

270 2016 323 2056 lv,
349 2019 429 2048 Aen.
453 2018 532 2053 2153
557 2019 628 2048 Lrv.
644 2017 794 2056 XXXIII,
817 2018 875 2052 28;
900 2018 991 2049 Sur.
1014 2019 1192 2050 Achilleia.
1215 2018 1288 2050 363.

334 2058 379 2095 (4)
400 2060 584 2089 Rumorum
606 2060 721 2099 spoliis
742 2061 915 2098 fluitantes
935 2069 1063 2090 sumere
1076 2061 1230 2091 ann’ctus.
1255 2061 1298 2091 De
1321 2060 1410 2090 vesto

269 2099 449 2137 bombycina
470 2102 534 2131 sive
555 2102 652 2131 serica
664 2102 761 2132 obiter
775 2102 924 2139 quaedam
941 2102 1097 2132 innuimus
1120 2102 1151 2131 in
1168 2102 1281 2140 hymno
1302 2101 1409 2132 Sancti
