1566 2482
170 301 272 340 XLI.
296 299 506 347 Carmana,
526 298 580 338 ad
597 309 720 348 quam
736 296 965 347 flagellatus
981 293 1241 336 est'Ohrisms

133 404 294 443 Vinctus
310 403 352 441 in
365 402 427 441 his
443 377 628 441 Dominus
644 400 752 439 stetit
763 398 933 446 aedibus,
953 400 1066 447 atque
1083 398 1276 436 columnae

186 458 368 497 Adnexus
393 457 542 504 tergum
570 454 688 501 dedit,
717 455 761 492 ut
787 453 921 492 servile
950 452 1026 502 (1),
1057 451 1236 501 flagellis.

185 512 337 550 Perstat
363 511 486 549 adhuc
502 509 589 560 ,(2),
631 507 886 556 templumque
925 506 1025 555 gerit
1058 506 1275 611 {enleranda

1083 571 1125 599 co
1142 571 1272 606 umna,

184 619 336 668 Nosque
364 618 472 657 docet
498 616 647 657 cunctis
674 616 860 654 immunes
886 615 1012 654 vivere
1039 613 1185 663 flagris.

423 733 548 771 XLII.
579 731 722 769 Passio
749 729 973 769 Salvatoris

127 825 324 863 Traiectus
339 822 398 874 (3)
409 834 474 872 per
482 823 681 870 utrumque
692 821 795 859 latus
803 850 811 866 ,
822 820 972 858 laticem
983 820 1095 867 atque
1104 829 1270 857 cruorem

183 879 357 917 Christus
394 876 492 925 agit.
544 875 724 923 Sanguis,
767 873 927 912 victoria
955 872 1038 923 (4):
1090 871 1265 921 lympha,

958 925 1167 978 [lavacrum
1193 925 1266 963 est.

178 986 284 1024 Tunc
310 960 384 1034 duo
403 983 620 1022 discordant
631 982 805 1021 crucibus
820 980 878 1032 (5)
895 980 984 1019 hinc
996 980 1084 1019 inde
1101 980 1268 1018 latrones

179 1038 400 1088 Contiguis:
432 1038 550 1087 negat
575 1036 640 1075 ille
667 1037 811 1082 Deum3
841 1035 914 1074 fert
939 1034 1012 1073 iste
1038 1045 1229 1073 coronam.

164 1140 167 1146 ·
186 1127 235 1169 (1)
259 1131 297 1158 nt
310 1127 438 1158 servtle.
453 1127 623 1164 Tamquam
633 1134 742 1156 servus
755 1125 864 1162 flagris
878 1132 985 1154 caesus
997 1133 1004 1158 ;
1018 1123 1138 1154 etenim
1149 1122 1267 1159 exlege

124 1170 237 1201 Porcia
258 1172 293 1201 et
313 1169 495 1207 Sempronia
515 1168 596 1198 civis
616 1168 776 1198 Romanus
799 1175 898 1204 neque
913 1165 1024 1202 flagris
1045 1164 1145 1200 caedi,
1167 1173 1268 1202 noque

123 1218 165 1248 ad
185 1226 307 1248 crucem
329 1216 470 1247 damnari
488 1216 535 1246 fas
549 1216 631 1247 erat.
649 1215 687 1247 V.
703 1215 777 1245 Τιτ.
799 1215 868 1246 Lrv.
889 1207 932 1248 X,
957 1214 988 1248 9;
1011 1213 1141 1243 Dicas-r.
1164 1205 1210 1247 X,
1231 1212 1263 1243 4.

122 1259 206 1298 Quae
220 1261 327 1290 tamen
341 1259 392 1288 lex
406 1258 502 1288 nihili
517 1257 674 1288 habebant
694 1258 855 1295 praetores
881 1256 915 1286 in
929 1255 1116 1294 provinciis,
1141 1255 1188 1284 uti
1205 1253 1267 1284 elo-

123 1301 271 1339 quentiae
290 1300 462 1331 luminibus
483 1299 587 1338 palam
609 1298 690 1330 facit
710 1299 805 1328 Tvm..
823 1299 856 1328 in
873 1298 1006 1328 Verrina
1020 1297 1132 1334 quinta
1153 1305 1171 1326 a
1193 1305 1262 1334 cap.

110 1343 194 1374 ›L111
216 1343 256 1373 ad
277 1343 378 1375 waI.
1183 1374 1188 1379 ,

184 1384 242 1430 (2)
264 1391 399 1421 Perstat
431 1389 552 1420 adhuc.
593 1389 629 1420 V.
650 1389 788 1420 Hraaon.
810 1388 867 1427 Ep.
890 1379 1009 1422 5511,
1031 1387 1083 1418 ubi
1113 1386 1265 1416 narratur

120 1432 153 1464 S.
168 1432 283 1462 Paulae
296 1432 455 1462 Romanae
469 1432 615 1461 columna
627 1430 725 1461 fuisse
738 1431 879 1466 ostensa,
890 1429 1046 1466 sanguine
1059 1428 1162 1459 adhuc
1173 1428 1262 1459 Chri·

122 1475 164 1504 δὴ
182 1482 441 1554 ἶὲῗρῖῗέεσιυε.
463 1513 488 1544 Ε
509 1513 634 1544 Vaticc.
657 1521 752 1546 unus:
777 1513 990 1543 transiectus.
1012 1513 1057 1542 De
1076 1511 1187 1542 lancea
1202 1520 1264 1548 qua

119 1557 204 1587 Iesus
217 1556 361 1587 Christus
375 1556 408 1586 in
420 1564 511 1586 cruce
522 1555 642 1586 defixus
654 1555 934 1585 transverberatus
949 1555 1001 1584 est
1015 1554 1054 1584 V.
1066 1554 1102 1584 S.
1121 1553 1261 1583 Avovsr.

118 1605 261 1636 Tractat.
282 1612 304 1634 x
319 1597 356 1634 V.
379 1604 411 1632 in
430 1603 519 1634 Ioan.
541 1603 582 1639 N,
606 1603 639 1634 8.

183 1645 235 1685 (4)
257 1646 417 1685 Sanquis,
432 1645 572 1674 victoria
591 1645 654 1675 etc.
677 1644 819 1675 SAncrvs
833 1644 1005 1675 Omra-uva
1018 1642 1262 1680 Novempopulo-

119 1687 262 1718 nensium
284 1688 316 1717 in
331 1687 494 1724 Aquitana
514 1686 649 1723 insignis
662 1686 821 1722 Pontifex,
837 1685 891 1723 qui
906 1685 1008 1716 medio
1021 1684 1127 1715 seculo
1150 1684 1261 1721 quinto

117 1730 266 1764 effloruit,
286 1729 437 1766 cuiusque
459 1728 754 1759 Commonitorium
778 1727 938 1758 Fidelibus
961 1727 1099 1764 elegiaco
1122 1726 1261 1759 carmine

116 1771 340 1809 conscriptum,
357 1779 426 1800 cum
443 1769 608 1808 voluptate
625 1778 743 1806 magna
759 1770 904 1806 legimus,
923 1770 969 1800 ita
985 1769 1063 1799 haec
1091 1767 1259 1798 Prudentii

117 1814 214 1843 verba
226 1821 281 1851 pro
294 1820 350 1843 suo
363 1813 457 1850 captu
472 1811 630 1843 declarat:
648 1822 666 1840 «
682 1812 871 1850 Martyrium
883 1811 1014 1849 sanguis
1026 1809 1088 1841 sibi
1102 1809 1259 1846 vindicat,

117 1855 200 1884 unda
219 1854 377 1885 lavacrum
395 1864 426 1886 ».

179 1896 225 1935 (5)
243 1897 337 1926 Tunc
355 1895 422 1925 duo
441 1894 636 1925 discordant
654 1895 811 1926 crucibus
824 1895 885 1927 etc.
905 1896 950 1926 De
970 1894 1072 1924 forma
1082 1892 1198 1923 atrocis
1210 1893 1257 1924 in·

114 1939 282 1968 strumenti
293 1946 312 1968 e
321 1937 437 1975 duplici
452 1936 540 1973 ligno
549 1938 636 1967 recto
647 1939 682 1968 et
698 1938 891 1975 transverso,
915 1937 948 1967 in
961 1945 1021 1974 quo
1042 1935 1183 1965 clavibus
1201 1937 1259 1966 aut

115 1979 240 2010 funibus
250 1979 443 2010 reidamnati
457 1979 497 2008 ad
507 1980 640 2010 mortem
651 1980 865 2017 affigerentur,
877 1979 934 2010 alii
946 1978 1068 2010 alia.In
1079 1976 1258 2008 universum

114 2022 220 2051 tamen
234 2030 312 2052 crux
321 2022 392 2052 erat
405 2019 453 2051 vel
463 2021 640 2051 commissa
655 2021 703 2052 vel
717 2021 905 2057 decussata,
920 2021 969 2051 vel
984 2021 1150 2051 Romana.
1167 2017 1257 2051 Com-

113 2063 207 2092 missa
224 2062 277 2101 (ti)
297 2062 439 2099 quadrati
470 2067 496 2096 Τ
522 2062 655 2093 formam
677 2063 921 2101 praeseferebat.
941 2062 1136 2095 Deoussata,
1161 2067 1254 2094 quam

113 2104 204 2141 vulgo
224 2104 257 2136 S.
266 2104 506 2135 Bartolommaei
519 2113 642 2135 crucem
651 2105 837 2142 vocitamus,
852 2105 962 2136 noxios
968 2104 1128 2135 afficiebat
1137 2101 1255 2136 duobus

111 2145 204 2182 lignis
214 2145 402 2176 decussatim
417 2145 627 2183 conformat„
644 2155 699 2178 nos
714 2155 783 2178 eam
799 2152 829 2181 ><
847 2146 928 2187 (cxi)
940 2147 1085 2179 dicimus.
1098 2147 1179 2179 Crux
1189 2148 1254 2179 Ro-

193 2217 233 2249 A.
255 2217 434 2248 Pavnnnrn
455 2234 495 2241 ——
510 2218 630 2257 Opera.
783 2213 786 2216 ⁴
1173 2219 1212 2251 19
