1566 2482
591 206 882 234 HAMARTIGENIA
1204 217 1206 219 >
1251 197 1302 235 95
1345 231 1348 234 «

158 321 282 359 Aurea
309 319 386 357 tela
413 317 548 367 quibus
576 317 621 356 de
650 317 835 367 sanguine
862 317 983 358 tincta
1011 318 1186 362 draconis

159 373 348 412 Mortifero
362 372 556 420 splendore
575 371 731 419 micant,
747 371 970 421 radiantque
988 375 1170 422 necatque
1199 373 1276 423 (l):

159 428 239 467 Nec
267 438 343 465 non
370 426 564 464 terrificas*
581 425 670 474 pilis
696 427 841 464 armare
869 427 1038 465 catervas
1111 451 1114 454 <
1226 429 1305 466 420

159 482 225 528 Te,
251 481 426 520 Chettaee
451 480 580 518 iuvat:
612 480 677 518 sed
701 491 795 528 gens
817 480 1019 519 Pherezaee
1043 481 1196 530 sagittis
1225 483 1240 531 (
1243 483 1286 531 2)

158 535 328 573 Insultat
354 533 492 573 virtute
519 533 617 582 pari,
649 534 714 572 sed
742 533 890 582 dispare
918 533 1028 572 ferro.

160 590 394 627 Postremum
420 599 576 627 cuneum
603 599 667 626 rex
694 588 885 636 promovet
911 589 1119 626 Aeveorum
1146 588 1223 639 (3),

156 644 402 692 S111amosum
429 642 588 681 thoraca
615 653 750 689 gerens
778 642 822 680 de
849 641 946 690 pelle
973 641 1129 681 colubri.

158 697 232 735 Hic
259 696 420 735 subnixa
447 695 539 734 viris
568 695 749 734 scelerum
775 707 952 743 perversa
978 697 1145 744 potestas
1188 710 1191 712 ·
1226 697 1304 735 425

158 751 319 790 Edomat
344 749 533 788 invalidas
561 751 719 797 mentes,
750 761 844 798 quae
873 749 1117 798 simplicitate

157 805 360 851 Indocsses,
392 803 554 852 bellique
582 803 693 842 rudes
722 804 792 842 sub
819 803 963 842 foedere
991 803 1090 842 falso

157 858 293 897 Tristis
321 857 511 896 amicitiae
539 857 699 905 primum
728 856 830 895 socia
858 858 1015 906 agmina
1041 851 1214 905 credunt,

159 913 507 960 Mammoneamque
522 911 633 949 fidem
648 910 708 959 (4)
725 911 827 959 pacis
846 912 916 950 sub
938 922 1062 950 amore
1082 913 1303 960 sequuntur.

139 991 143 994 <
159 967 247 1004 Mox
264 965 395 1004 faciles
410 965 459 1003 ad
473 964 598 1003 vincla
625 965 722 1012 rapi,
739 965 830 1013 iuga
845 965 938 1003 dura
952 966 1120 1004 volentes
1227 966 1306 1004 430

158 1019 333 1058 Addictis
361 1019 522 1058 subeunt
548 1018 769 1066 cervicibus,
800 1019 836 1056 et
864 1019 1091 1058 nebulonum

158 1073 363 1122 Spirituum
390 1072 504 1111 iussis
533 1072 671 1110 servire
699 1072 886 1111 ferocibus
913 1074 1060 1121 optant.

157 1128 243 1172 Ille,
275 1125 515 1175 supervacuis
543 1137 687 1174 augens
714 1126 943 1174 patrimonia
970 1126 1115 1174 fundis,

158 1180 419 1229 Finitimisque
448 1179 617 1227 inhians,
646 1181 831 1218 contemto
861 1180 920 1230 (5)
941 1180 1076 1227 limite,
1107 1181 1258 1230 agellis,

160 1234 318 1273 Ducitur
343 1234 502 1272 innexus
529 1233 704 1280 manicis,
735 1236 786 1272 et·
801 1234 901 1272 mille
916 1234 1075 1273 -catenis
1228 1237 1305 1274 435

160 1290 261 1327 Ante
287 1288 535 1336 triumphales
563 1299 710 1334 currus,
741 1290 827 1336 post
853 1290 962 1337 terga
990 1289 1197 1336 revinctus,

161 1344 241 1381 Nec
269 1354 307 1380 se
334 1341 540 1380 barbaricis
566 1341 757 1380 addictum
785 1342 901 1381 sentit
928 1342 1113 1381 habenis:
1137 1372 1143 1373 ff

110 1408 113 1410 ·
161 1397 248 1441 Hic,
280 1395 344 1444 qui
372 1396 548 1434 ventosae
576 1396 726 1434 scandit
753 1396 910 1445 fastigia
936 1397 1059 1435 famae
1090 1396 1188 1446 (6)‚.

159 1450 395 1497 Inflaturque
423 1460 514 1487 cavo
541 1460 697 1498 pompae
725 1450 919 1498 popularis
947 1451 1100 1496 honore,

159 1503 230 1553 Qui
249 1515 434 1542 summum
453 1503 684 1552 solidumque
703 1504 840 1543 bonum
855 1506 978 1553 putat,
994 1504 1212 1543 ambitionis
1228 1505 1306 1543 440

223 1645 270 1684 (1)
299 1645 499 1684 radiantque
521 1647 683 1684 ueccctque.
707 1661 749 1667 —
771 1645 914 1676 GISELIN.
939 1645 1110 1685 Mortifera
1134 1647 1307 1686 splendore

165 1688 283 1722 nitent,
306 1687 503 1726 radiantque
527 1688 721 1726 unicamque.

224 1730 270 1768 (2)
295 1729 441 1759 Glzettaee
456 1745 498 1752 —-
511 1729 662 1760 G1semn:
687 1729 829 1760 Cethaee.
848 1746 885 1752 -
902 1729 1084 1760 Pherezaea
1101 1747 1141 1755 -
1156 1729 1305 1762 Grsarm:

165 1771 317 1802 Ferezea.

226 1812 271 1848 (3)
292 1814 485 1843 Aeveorum.
507 1812 649 1844 (luscam.
666 1829 709 1835 -
722 1813 918 1845 Evam-um.
940 1813 1056 1844 Tumor„

226 1853 275 1894 (4)
298 1855 602 1894 Mammoneamque
613 1855 724 1892 fidem,
741 1855 830 1886 fidem
846 1856 969 1886 scilicet
983 1863 1102 1892 corum,
1119 1864 1196 1893 quos
1210 1857 1308 1887 Mam-

163 1904 283 1932 monae,
306 1905 360 1926 seu
382 1897 538 1927 thesauris
560 1897 650 1927 unice
673 1897 810 1928 intentos
834 1897 940 1933 vides;
978 1897 1058 1927 hanc
1080 1907 1306 1929 mammoneam

164 1937 266 1969 fidem
290 1947 344 1968 sou
367 1937 476 1968 falsam
498 1938 635 1977 appellat
655 1940 758 1977 poeta.

227 1979 273 2018 (5)
296 1982 452 2010 contemto
479 1980 596 2011 limite.
618 1980 731 2011 Omnes
753 1981 894 2019 receptae
922 1980 1016 2011 editt.
1033 1998 1076 2003 —
1097 1981 1250 2012 fflmsws
1276 1982 1308 2012 iu

164 2021 251 2052 Acta.
273 2030 313 2051 ex
336 2021 484 2052 Eunonn.
507 2019 652 2052 contento
667 2023 782 2059 limite,
800 2031 855 2062 pro
870 2031 906 2053 eo
921 2022 1001 2061 quod
1015 2024 1064 2053 est
1085 2023 1232 2060 extenso;
1255 2024 1308 2054 sed

163 2063 247 2101 prior
270 2063 370 2099 magis
390 2062 503 2101 placet.

165 2146 191 2175 Α
224 2105 637 2177 (6)X11fen7lg}ae....famae
655 2106 1114 2146 Venlosamgloriamappellat
1132 2106 1306 2142 Vnmmvs,

196 2155 246 2178 en.
321 2170 329 2184 ‚
420 2169 427 2177 .
1048 2165 1051 2167 >
