1566 2482
366 204 511 242 con-'im
538 203 734 242 siimucin
761 199 975 242 osu-mnia(
1154 194 1231 243 24'5

144 322 230 362 Rite
255 321 345 362 colit
369 320 575 370 tranquilla
602 322 776 360 Patrem:
805 321 1084 370 placidissimus
1110 322 1216 362 illum

145 376 315 415 Foederis
341 375 497 414 humani
524 379 728 414 consensus
753 376 948 424 prosperat
973 376 1068 424 orbi,

145 429 332 469 Seditione
358 428 483 478 fugat,
514 429 636 468 saevis
664 430 859 477 exasperat
885 430 1023 468 armis:
1152 431 1228 468 595

144 484 298 522 Munere
324 483 428 531 pacis
456 482 541 530 alit,
571 482 708 521 retinet
733 483 872 531 pietate
900 483 1039 532 quieta.

146 537 327 576 Omnibus
354 536 395 574 in
422 535 546 584 terris,
562 540 669 585 *quas
697 536 860 575 destinet
887 537 1088 575 occidualis

106 623 109 625 ,
146 591 331 637 Oceanus,
360 600 533 638 roseoque
561 601 694 629 aurora
720 590 925 628 inluminat
951 592 1050 638 ortu,

145 644 328 683 Miscebat
354 643 509 682 Bellona
535 643 663 682 furens
691 644 864 687 mortalia
891 646 1040 691 cuncta,

145 699 392 746 Armaratque
419 696 517 735 feras
545 697 586 735 in
614 697 770 736 vulnera
798 699 928 736 mutua
955 698 1118 737 dextras.
1151 699 1229 737 600

145 752 254 790 Hanc
281 750 494 790 frenaturus
520 750 662 789 rabiem
690 752 806 798 Deus,
836 751 1001 800 undique
1030 754 1162 800 gentes

144 804 334 843 Inclinare
361 805 475 852 caput
502 804 640 852 docuit,
672 805 742 843 sub
767 804 913 853 legibus
941 805 1071 853 isdem,

145 859 402 906 Romanosque
429 868 556 896 omnes
584 858 678 905 fieri,
709 869 801 907 quos
829 858 982 897 Rhenus
1010 861 1047 897 et
1075 859 1187 906 Ister,

145 912 244 958 Quos
256 912 382 960 Tagus
396 911 591 958 aurifluus,
605 922 696 959 quos
710 911 1041 961 magnusinundat
1050 912 1228 959 Hiberus,

144 965 323 1014 Corniger
346 964 593 1013 Hesperidum
613 965 674 1015 (1)
696 976 789 1014 quos
811 965 1066 1014 interlabitur,
1083 968 1121 1005 et
1135 977 1231 1071 [quos

1152 1021 1230 1059 605

142 1071 288 1120 Gangis
309 1071 368 1120 (2)
388 1071 471 1119 alit,
494 1071 682 1120 tepidique
700 1072 833 1111 lavant
851 1073 993 1120 septem
1011 1072 1109 1112 ostia
1129 1073 1228 1112 Nili.

143 1126 211 1165 Ius
238 1125 327 1164 fecit
352 1136 544 1164 commune
571 1137 694 1174 pares,
725 1127 762 1164 et
789 1126 939 1165 nomine
967 1127 1093 1166 eodem

143 1179 298 1226 Nexuit,
328 1180 366 1217 et
392 1179 550 1218 domitos
578 1179 744 1218 fraterna
771 1179 813 1218 in
840 1179 965 1219 vincla
992 1180 1150 1229 redegit.

142 1232 292 1272 Vivitur
319 1233 529 1282 omnigenis
556 1232 598 1271 in
624 1233 810 1281 partibus,
840 1233 942 1272 haud
969 1246 1076 1273 secus
1104 1245 1148 1273 ac
1167 1234 1200 1273 si

144 1286 251 1325 Cives
278 1287 496 1335 congenitos
522 1286 720 1325 concludat
746 1286 939 1326 moenibus
966 1288 1053 1326 unis
1152 1287 1230 1326 610

98 1367 100 1369 ψ
147 1340 241 1379 Vrbs
254 1340 378 1388 patria
397 1340 475 1389 (3),
493 1341 604 1388 atque
617 1351 744 1379 omnes
758 1341 836 1379 lare
851 1341 1091 1380 conciliemur
1110 1342 1225 1380 avito.

144 1393 338 1432 Distantes
365 1394 515 1442 regione
541 1394 691 1443 plagae,
723 1394 915 1443 divisaque
942 1397 1056 1443 ponto

144 1447 286 1493 Litora,
315 1447 543 1486 conveniunt
570 1459 670 1486 nunc
697 1459 762 1496 per
789 1448 1008 1487 vadimonia
1035 1449 1084 1486 ad
1111 1460 1228 1487 unum

144 1501 193 1538 Et
219 1511 410 1538 commune
437 1500 571 1546 forum,
602 1512 703 1539 nunc
729 1513 795 1549 per
823 1502 1042 1540 commercia
1070 1503 1107 1540 et
1131 1504 1230 1540 artes

145 1553 206 1592 Ad
233 1555 377 1592 coetum
402 1554 595 1600 celebrem,
617 1565 717 1592 nunc
736 1566 801 1602 per
819 1555 985 1603 genialia
1012 1555 1133 1594 fulcra
1151 1555 1229 1594 615

157 1640 202 1679 (l)
226 1640 386 1679 Gorm‘yer
405 1641 640 1680 Hesperidum.
663 1642 807 1672 Isomvs:
833 1643 993 1682 Corniger
1005 1643 1138 1680 Padus;
1156 1643 1229 1675 Cat.-

43 1686 46 1692 '
93 1691 164 1714 LAR.
188 1683 310 1718 autem
338 1682 464 1713 Tiberis
485 1691 521 1714 ex
546 1683 638 1714 Vmc.
659 1684 738 1714 Aen.
764 1684 847 1720 vm,
872 1685 924 1716 77.

156 1723 202 1762 (2)
226 1724 366 1762 Gumis,
390 1733 444 1762 pro
464 1733 500 1754 eo
521 1725 602 1761 quod
622 1728 672 1755 est
693 1726 845 1765 Gangen
860 1727 935 1763 quia
949 1727 1056 1757 noster
1069 1735 1162 1766 saepe
1176 1736 1228 1757 no·

93 1774 162 1796 men
184 1766 217 1795 in
239 1775 273 1796 es
292 1766 435 1797 desinens
456 1766 488 1796 in
511 1767 542 1797 is
562 1768 724 1803 terminat,
748 1769 796 1798 uti
819 1768 900 1798 alias
924 1769 1111 1799 monuimus.

155 1807 200 1845 (3)
228 1807 309 1838 Vrbs
323 1808 456 1846 patria.
478 1825 522 1830 —
542 1808 641 1839 Roma
661 1810 833 1839 communis
847 1810 951 1848 patria
966 1810 1110 1842 habetur.
1127 1811 1229 1850 Quare

90 1850 212 1880 Senes
241 1849 370 1881 Consol.
399 1850 444 1879 ad
472 1850 569 1880 Heln.
585 1851 738 1881 matrem:
769 1862 787 1879 «
812 1851 928 1882 Deinde
950 1853 989 1882 ab
1012 1853 1071 1883 hac
1096 1853 1229 1883 civitate

91 1890 226 1926 discede,
249 1898 328 1927 quae
348 1891 447 1922 veluti
467 1893 637 1922 communis
657 1893 763 1930 patria
792 1895 896 1931 potest
917 1894 993 1924 dici.
1019 1905 1037 1922 »
1059 1895 1226 1931 Postquam

92 1941 163 1962 vcro
177 1932 358 1963 Christiana
371 1933 481 1970 religio
495 1934 584 1971 longe
598 1934 722 1971 lateque
736 1943 791 1972 per
811 1936 965 1965 terrarum
979 1936 1084 1966 orbem
1099 1938 1148 1966 ost
1161 1945 1229 1974 pro-

91 1974 206 2011 latata,
221 1974 300 2004 etin
324 1975 502 2005 mortalium
515 1983 626 2012 genere
642 1976 771 2013 quisque
795 1977 900 2015 potuit
924 1986 957 2007 se
981 1977 1146 2008 adfirmare
1211 1990 1213 1992 ’

264 2038 904 2050 ........................
921 2029 939 2047 «
955 2027 1023 2050 cive

257 2057 295 2087 Di
317 2057 419 2095 quella
440 2058 551 2096 Roma,
571 2059 650 2090 onde
670 2059 775 2091 Cristo
795 2060 812 2091 ὸ
835 2060 985 2098 Romano,
1002 2072 1020 2089 »

25 2131 29 2136 .
92 2109 219 2148 (Dante,
235 2110 330 2147 Purg.
342 2109 476 2146 XXXII,
495 2111 618 2151 loa-3),
632 2113 708 2142 tunc
729 2113 886 2143 enimvero
902 2113 1054 2143 Pnosm.
1072 2113 1228 2149 Aen-rare.

91 2152 196 2189 potuit
207 2152 367 2182 verissime
386 2153 584 2191 confirmare,
605 2162 685 2192 quae
706 2155 884 2185 notavimus
906 2155 989 2185 infra
1011 2155 1051 2185 ad
1062 2164 1143 2186 vers.
1156 2157 1230 2187 661.
