1566 2482
595 169 818 199 Arc-mnosrs
1229 158 1280 196 25

136 291 218 329 Hos
245 299 376 328 omnes
399 286 569 336 quamvis
597 297 733 335 anceps
759 284 998 334 labyrinthus
1025 286 1074 323 et*
1088 295 1187 323 error

137 342 400 382 Circumflexus
427 342 532 390 agat,
563 340 734 389 quamvis
760 339 973 388 promittere
1000 340 1038 377 et
1064 338 1137 387 ipsi

135 396 326 436 Gallinam
352 395 511 442 soleant,
542 395 609 433 aut
635 393 779 443 gallum
798 392 874 442 (1),
891 392 1048 431 clinicus
1075 393 1119 430 ut
1137 403 1176 430 se
1206 391 1282 430 205

136 450 323 499 Dignetur
349 450 540 498 praestare
568 448 658 487 deus
685 447 928 486 morientibus
956 458 1137 495 aequum3

126 505 436 551 Qumjentum
444 504 590 553 uQuen
617 501 667 551 ad
693 513 863 551 normam
889 500 1046 540 rationis
1074 501 1112 539 et
1138 499 1246 546 artis,

128 558 358 603 Embidulos
378 556 604 604 ,sensusL—et
629 551 797 614 litigiosa
823 551 1005 607 frag‘gisis'-
1018 551 1033 552 7

131 612 372 661 Argumenta
398 610 529 660 m9Q
544 609 948 657 cone1udun99ni1mer1.
961 619 1003 647 111
1019 617 1161 656 vunum,

137 666 250 704 Cuius
265 665 314 703 ad
327 664 522 704 arbitrium
532 663 667 712 sphera
677 663 736 713 (2)
745 662 893 702 mobilis
907 664 1017 711 atque
1030 661 1190 701 rotunda
1205 659 1283 699 210

137 719 334 766 volvatur,
364 719 583 766 serventqoe
611 716 698 756 suos
726 729 824 766 vaga
852 717 975 755 sidera
1001 727 1146 755 cursus.

138 773 226 811 Non
251 773 383 822 recipit
399 774 535 810 natura
553 771 731 818 hominis,
752 771 859 810 modo
885 771 1096 819 quadrupes
1115 769 1175 818 (3)

103 819 129 854 *l
138 827 226 865 Non
254 826 318 874 sit,
348 827 385 864 et
411 826 531 864 erecto
559 826 699 874 spectet
726 824 901 863 caelestia
927 824 1057 862 vultu:

138 881 227 919 Non
252 880 397 928 recipit,
428 880 540 928 neget
566 880 610 917 ut
635 878 801 927 regimen
828 878 964 926 pollere
993 887 1219 926 supremum.

138 934 249 972 Istud
256 935 293 973 et
299 934 376 982 ipse
385 934 532 972 Numae
546 932 684 972 tacitus
699 932 771 971 sibi
781 932 900 971 sensit
913 932 1098 980 haruspex
1108 931 1184 980 (4),
1205 928 1282 968 215

182 1058 231 1099 (l)
257 1059 429 1089 Gallinam
445 1058 582 1094 soleant,
606 1061 667 1087 aut
693 1057 831 1096 yallum,
846 1057 986 1087 clinicus
1007 1059 1045 1086 ut
1067 1065 1100 1086 sc
1116 1055 1284 1094 Diqnetur·

136 1104 311 1141 praestaro
322 1101 413 1132 deus.
430 1101 530 1132 Deum
545 1100 763 1139 Aesculapium
778 1099 916 1139 appellat
926 1097 1068 1132 κλινικόν
1081 1109 1090 1140 ;
1103 1098 1193 1135 eique
1203 1098 1282 1128 tem-

139 1148 224 1188 plum
244 1156 391 1186 magnum
413 1147 478 1178 fuit
497 1147 648 1186 Epidauri
671 1147 756 1185 apud
777 1146 1016 1185 Peloponnesios
1031 1146 1216 1182 excitatum,
1233 1154 1282 1176 ae-

138 1191 298 1228 grotorum
312 1198 435 1229 semper
448 1189 542 1219 turba
556 1189 852 1219 celebratissimum.
871 1189 954 1219 Huic
972 1190 1047 1225 Deo,
1056 1196 1147 1225 quem
1162 1188 1282 1225 aegroti

137 1233 279 1272 precibus
290 1231 630 1271 votisquejsatigabant‚
638 1231 790 1268 gallinam
804 1230 962 1271 etjgallum
974 1230 1103 1261 caedere
1119 1237 1284 1260 consueve-

139 1275 225 1315 rant,
239 1273 321 1312 quod
337 1274 468 1304 alterius
491 1281 580 1304 ansus
601 1273 738 1303 maxime
752 1281 847 1303 sanus
869 1273 1052 1311 putabatur,
1075 1271 1157 1302 alter
1177 1279 1282 1308 aegro-

138 1317 280 1352 tantibus
301 1316 449 1346 curandis
470 1315 631 1346 videretur
654 1315 757 1353 aptus,
780 1315 888 1353 utpote
904 1315 956 1352 qui
979 1323 1031 1344 eos
1060 1314 1098 1344 de
1112 1313 1284 1351 vigilantia

139 1358 359 1389 commoneret.
383 1357 431 1388 Ex
452 1356 638 1395 Aesculapio
658 1356 842 1395 Podalyrius
872 1357 904 1386 et
919 1356 1070 1386 Machaon
1092 1356 1281 1393 extiterunt,

139 1401 192 1437 qui
214 1401 247 1430 in
280 1399 361 1437 bello
387 1400 522 1430 Troiano
543 1398 805 1436 Agamemnonem
826 1399 926 1430 secuti
949 1398 1034 1429 sunt.
1068 1397 1107 1428 V.
1131 1396 1220 1429 cars.
1244 1397 1283 1427 de

140 1442 262 1473 Medic.
281 1442 434 1482 praefat.
459 1442 488 1473 1.

201 1484 248 1523 (2)
277 1484 383 1521 sfera.
408 1483 540 1514 Rectius
567 1483 730 1521 sphaera,
752 1491 770 1513 e
796 1491 906 1520 graeco
927 1484 1066 1528 σφαῖρα.
1094 1481 1208 1512 Noster
1234 1481 1283 1510 ta-

139 1539 224 1569 men,
246 1531 295 1562 nti
317 1531 399 1561 inira
420 1540 452 1561 V.
475 1529 550 1566 231,
574 1539 591 1560 e
612 1539 686 1561 voce
702 1530 942 1569 adspirationem
963 1531 997 1561 et
1017 1529 1221 1568 diphtongum
1237 1537 1282 1560 re-

141 1573 228 1609 iecit,
251 1573 286 1603 et
305 1573 438 1611 primam
460 1572 595 1602 licenter
617 1573 780 1611 corripuit.

182 1614 229 1653 (3)
254 1615 347 1644 modo
375 1614 573 1653 quadrupes.
603 1614 719 1646 Tuaen.
752 1614 813 1644 Sed
842 1611 1083 1652 endecassyllabi
1113 1612 1282 1643 deformem

141 1655 403 1686 claudicationem
418 1663 507 1686 nemo
518 1662 579 1684 non
598 1655 695 1687 videt.
704 1656 833 1686 Rectius
840 1655 1006 1686 Grsamnvs
1013 1655 1202 1694 quadrupes
1212 1655 1280 1685 ille.

141 1698 247 1735 Neque
269 1698 404 1728 verearis
425 1706 464 1728 ne
485 1705 503 1727 a
525 1697 706 1733 quantitate
727 1698 852 1728 aberret
872 1697 1010 1727 Batavus
1032 1696 1220 1735 philologus;
1238 1696 1282 1726 ul-

141 1739 222 1770 tima
242 1740 327 1776 enim
349 1739 433 1770 vocis
454 1738 643 1778 quadrupes
656 1739 745 1769 modo
760 1739 883 1770 brevem
899 1738 988 1769 modo
1002 1738 1186 1777 productam
1200 1737 1283 1776 apud

141 1782 248 1819 poetas
268 1781 496 1820 prudentianae
528 1781 644 1811 aetatis
674 1781 836 1811 habemus.
860 1781 897 1812 V.
920 1780 1038 1812 Avsor«.
1062 1779 1193 1811 Emrm..
1224 1779 1282 1816 XI,

141 1822 198 1858 39;
222 1823 320 1854 PAVL-
343 1824 467 1854 Noun.
484 1821 588 1853 Natal.
606 1822 678 1858 XII,
696 1821 749 1854 38.
766 1822 908 1854 Ceterum
922 1823 959 1853 de
974 1822 1166 1859 quantitate,
1188 1830 1283 1859 quam

139 1865 244 1895 noster
254 1873 344 1904 saepe
358 1865 531 1903 usurpavit,
543 1864 663 1902 perlege
674 1865 828 1895 Fevsrm
839 1864 979 1894 Annum
990 1863 1162 1900 Prolegom.
1177 1862 1280 1894 XXV.

142 1923 181 1928 -—
202 1907 344 1937 Iamvero
363 1907 551 1946 quadrupes
566 1906 623 1937 ille
636 1906 676 1936 ad
690 1906 869 1937 mortalium
884 1915 979 1944 genus
993 1906 1129 1944 spectat,
1146 1906 1199 1943 qui
1215 1905 1281 1935 ani·

141 1947 269 1978 mallum
291 1956 374 1979 more
394 1949 508 1983 vivunt
528 1948 650 1979 ratione
671 1949 845 1984 carentum,
864 1948 979 1985 quique
994 1955 1152 1985 nunquam
1166 1947 1201 1977 in
1216 1955 1282 1978 coe-

140 1989 205 2021 lum
227 1998 260 2020 os
282 1989 409 2026 tollunt,
431 1990 486 2021 sed
506 1998 637 2029 pronum
657 1999 778 2029 semper
800 1989 888 2020 humi
909 1989 1057 2027 diligunt.

184 2031 234 2072 (4)
261 2032 443 2071 haruspex.
466 2032 568 2064 Numa
599 2032 782 2070 Pompilius,
805 2031 958 2062 secundus
986 2031 1192 2062 Romanorum
1215 2038 1281 2067 rex,

142 2073 219 2104 bene
241 2073 356 2104 multos
377 2082 533 2104 sacrorum
549 2074 631 2104 ritus
645 2074 833 2104 instituerat
854 2073 886 2103 in
909 2073 1001 2110 urbe;
1022 2081 1138 2111 nosque
1153 2074 1215 2103 iam
1236 2073 1281 2103 vi-

142 2115 243 2146 dimus
264 2113 350 2161 Περὶ
376 2113 476 2162 Στεφ,
503 2116 554 2153 11,
576 2125 607 2147 v.
631 2116 692 2146 514
715 2126 734 2145 «
756 2115 955 2154 simpluvium
977 2115 1096 2146 Numae
1119 2126 1148 2147 ».
