1566 2482
545 155 783 183 APOTHEOSIS-
1237 143 1285 181 15

141 273 317 317 Obtutus,
348 271 473 320 aliquo
501 270 542 311 ni
569 282 607 309 se
635 269 884 309 moderamine
911 270 1058 309 formet.
1079 305 1084 310 .

140 327 222 365 Hoc
249 325 344 364 vidit
369 325 542 373 princeps
569 323 739 373 generosi
766 323 919 362 seminis
945 324 1087 363 Abram
1108 322 1185 373 (1),

138 380 223 418 Iam
249 380 340 418 tunc
367 378 515 428 dignati
542 380 661 417 terras
689 377 849 416 invisere
878 377 1019 416 Christi

139 434 286 482 Hospes
321 433 429 472 homo
448 463 457 480 ‚
486 432 527 470 in
562 431 747 480 triplicem
779 443 918 470 numen
944 431 1111 470 radiasse
1139 432 1238 534 {igu-

1013 484 1110 536 [ram
1157 486 1215 535 2).
1233 487 1284 524 30

138 542 219 580 Hoc
246 540 495 580 conluctantis
522 540 732 578 tractarunt
758 539 913 578 brachia
939 540 1054 578 Iacob
1081 539 1156 589 (3).

136 596 222 643 Ipse
250 595 357 633 dator
383 594 479 643 legis
507 593 656 632 divinae
685 593 856 632 accedere
884 604 1009 632 coram

136 650 284 695 Iussus,
315 648 501 687 amicitiae
529 647 664 686 collato
693 646 758 695 qui
787 646 892 685 stetit
919 658 980 686 ore

137 702 366 749 Comminus,
397 703 434 740 et
462 701 579 740 sacris
607 700 799 740 coniunxit
826 701 939 739 verba
964 701 1137 749 loquelis,

138 756 270 795 Carnis
298 755 339 793 in
367 755 486 803 effigie
515 754 705 794 Christum
733 766 771 792 se
799 766 946 793 cernere
974 754 1107 794 sensit.
1233 756 1283 794 35

137 810 207 848 Sed
233 809 374 848 maiora
401 810 545 857 petens,
576 809 743 847 animum
770 820 834 856 per
862 809 948 846 vota
975 809 1136 847 tetendit

137 864 362 902 Inconcessa
389 862 531 901 homini
560 861 636 911 (4),
658 862 855 911 plusquam
883 862 1039 901 mortale
1065 863 1256 910 laborans,

135 917 282 965 Ipsum,
311 918 475 965 quantus
494 918 588 963 erat,
611 916 691 954 sine
719 927 867 964 corpore
886 916 1004 955 visere
1024 916 1226 955 Christum.

136 970 305 1019 Denique
332 971 417 1018 post
442 969 553 1008 multi
581 969 762 1008 sermonis
788 970 934 1017 mutua,
964 971 1120 1018 postqfle

137 1025 383 1072 Conspectum
410 1023 618 1072 praesentis
646 1023 752 1070 Heri,
785 1025 822 1062 et
849 1023 1036 1062 consortia
1062 1024 1191 1073 longa,
1231 1025 1282 1063 40

135 1078 294 1124 Quaeso,
311 1077 379 1124 ait,
401 1079 445 1116 ut
462 1077 574 1116 liceat
590 1079 627 1115 te
642 1089 757 1124 nunc,
771 1078 871 1116 Deus
891 1077 1042 1125 optime,
1055 1089 1163 1117 nosse
1175 1078 1251 1127 (5).

135 1130 343 1180 Respondit
369 1131 574 1170 Dominus.
606 1143 703 1179 mea,
734 1142 809 1170 non
838 1143 911 1180 me,
937 1143 1084 1179 cernere
1112 1131 1222 1171 iustis

136 1184 346 1232 Posteriora
374 1185 468 1224 dabo
497 1185 573 1235 (6),
596 1178 686 1234 quid
713 1185 892 1233 apertius,
923 1186 1062 1234 absque
1091 1174 1241 1233 aliena,
1238 1178 1252 1210 ἒ

134 1239 255 1285 Quam
282 1240 406 1277 sumat
433 1239 527 1278 facie
555 1239 718 1278 Verbum
746 1250 822 1278 non
849 1250 957 1288 posse
984 1239 1130 1278 videri?

135 1293 248 1331 Posse
283 1293 424 1340 tamen,
464 1304 577 1341 quum
618 1293 727 1331 malit
766 1293 887 1341 idem,
928 1305 1131 1399 numquam
1147 1348 1155 1355 ·
1169 1294 1280 1386 Patg}

1119 1359 1200 1387 vlso

135 1470 293 1508 ceterique
304 1471 377 1509 post
390 1470 477 1502 illum
492 1470 659 1508 scriptores
671 1470 769 1501 inhac
781 1471 908 1501 fuerunt
922 1471 1092 1506 sententia,
1106 1479 1213 1501 omnes
1223 1471 1281 1502 Dei

135 1512 348 1550 apparitiones
368 1512 402 1542 in
423 1512 530 1543 Veteri
552 1513 754 1543 'testamento
776 1521 831 1552 per
851 1512 979 1550 angelos
1006 1521 1072 1543 esse
1100 1512 1211 1545 factas
1241 1513 1280 1544 V.

134 1553 166 1584 S.
191 1553 327 1586 Avovsr.
350 1555 400 1585 De
425 1555 552 1586 Trinit.
569 1554 658 1590 XIX,
679 1554 730 1590 10,
749 1555 805 1591 113
823 1556 856 1585 et
869 1555 914 1585 De
928 1554 1026 1587 civit.
1043 1554 1100 1585 Dei
1114 1555 1201 1592 XVI,
1227 1555 1278 1587 19.

198 1595 244 1633 (1)
266 1595 337 1625 Hoc
357 1595 444 1625 vidit
459 1596 619 1634 princeps
641 1597 702 1626 etc.
725 1596 789 1627 Csr.
816 1597 931 1627 (ἔκηε.
953 1596 1070 1627 XVIII.

200 1636 244 1675 (2)
266 1637 305 1666 in
325 1637 492 1676 triplicem
515 1646 637 1667 numen
659 1638 722 1668 etc.
744 1638 902 1668 Ivvnncvs
917 1638 954 1667 fn
971 1638 1085 1668 Genea.
1105 1649 1122 1666 «
1138 1638 1279 1676 Dumque

132 1677 231 1709 Deum
256 1679 343 1709 trina
370 1678 505 1718 positum
533 1680 590 1710 sub
618 1679 756 1716 imagine
787 1679 930 1718 pascit...
962 1690 979 1707 >o
1006 1680 1100 1717 Hinc,
1123 1680 1170 1711 uti
1186 1681 1280 1711 notat

132 1719 289 1751 Tmouvs
310 1721 428 1757 noster,
456 1721 532 1752 illud
561 1721 601 1751 ab
629 1721 769 1751 Ecclesia
789 1722 974 1760 usurpatum
994 1732 1012 1750 c<
1032 1722 1115 1752 Tres
1143 1722 1228 1751 vidit
1248 1725 1280 1751 et

131 1770 238 1791 unum
250 1762 417 1794 adoravit.
434 1773 454 1792 »
470 1764 508 1794 Et
522 1762 599 1793 haec
622 1763 748 1800 quidem
759 1763 810 1794 illi
822 1763 981 1794 notationi
1003 1763 1141 1794 nominis
1153 1771 1277 1795 consen—

132 1803 227 1875 tanga
254 1805 342 1842 sunt,
366 1813 458 1842 quam
481 1805 512 1837 S.
535 1805 670 1836 Thomas
692 1805 730 1836 de
750 1805 922 1842 'trinitat-2,
946 1806 983 1836 ut
1003 1814 1101 1845 supra
1127 1805 1276 1843 vidimus,

136 1847 189 1875 tra
212 1846 250 1876 it.

200 1887 246 1927 (3)
268 1887 339 1917 Hoc
359 1888 578 1918 conluctantis
600 1890 663 1920 etc.
687 1889 725 1921 V.
748 1889 863 1920 Galus.
886 1889 1021 1926 XXXII,
1045 1889 1098 1921 24.

134 1969 148 2000 1
189 1929 459 2002 (ἐιέδίηοοπεεεεα,
482 1931 692 1969 imper-missa,
709 1939 770 1962 non
786 1931 905 1962 homini
926 1932 1009 1962 data.
1034 1931 1072 1962 V.
1089 1931 1177 1969 Virg.
1194 1931 1275 1962 Aen.

189 2013 208 2042 5
437 2013 658 2051 {betta-Ek*
671 2014 1013 2052 Exon.-XXX111.13.

188 2053 222 2092 6)
253 2063 387 2086 cernere
416 2055 612 2086 Posteriora
639 2056 733 2088 dabo.
758 2056 845 2087 Haec
875 2059 950 2087 sunt
975 2057 1070 2087 verba
1102 2057 1175 2087 Filii
1204 2057 1276 2094 Dei,

134 2095 187 2133 qui
208 2095 315 2138 nomi,
340 2098 502 2136 tamquam
524 2098 624 2129 amico
646 2099 680 2129 et
700 2099 871 2138 prophetae
894 2107 927 2130 se
951 2107 989 2130 ea
1015 2099 1153 2130 humana
1174 2099 1276 2138 specie
