<?xml version="1.0" encoding="UTF-8"?>
<!DOCTYPE html PUBLIC "-//W3C//DTD XHTML 1.0 Transitional//EN"
    "http://www.w3.org/TR/xhtml1/DTD/xhtml1-transitional.dtd">
<html xmlns="http://www.w3.org/1999/xhtml" xml:lang="en" lang="en">
 <head>
  <title>
</title>
<meta http-equiv="Content-Type" content="text/html;charset=utf-8" />
  <meta name='ocr-system' content='tesseract 3.04.00' />
  <meta name='ocr-capabilities' content='ocr_page ocr_carea ocr_par ocr_line ocrx_word'/>
</head>
<body>
  <div class='ocr_page' id='page_1' title='image "./operaprud00pruduoft/operaprud00pruduoft_0182.png"; bbox 0 0 1566 2482; ppageno 0'>
   <div class='ocr_carea' id='block_1_1' title="bbox 265 170 1157 226">
    <p class='ocr_par' dir='ltr' id='par_1_1' title="bbox 265 170 1157 226">
     <span class='ocr_line' id='line_1_1' title="bbox 265 170 1157 226; baseline 0.006 -15"><span class='ocrx_word' id='word_1_1' title='bbox 265 170 355 223; x_wconf 31' lang='lat' dir='ltr'><strong>3127ss</strong></span> <span class='ocrx_word' id='word_1_2' title='bbox 611 216 614 217; x_wconf 17' lang='lat'><em>⁷</em></span> <span class='ocrx_word' id='word_1_3' title='bbox 661 184 814 226; x_wconf 54' lang='lat' dir='ltr'><strong>avitam</strong></span> <span class='ocrx_word' id='word_1_4' title='bbox 840 184 1062 224; x_wconf 35' lang='lat' dir='ltr'><strong>PR-vnlm&#39;ni,</strong></span> <span class='ocrx_word' id='word_1_5' title='bbox 1111 197 1114 199; x_wconf 97' lang='lat'>-</span> <span class='ocrx_word' id='word_1_6' title='bbox 1150 198 1157 202; x_wconf 27' lang='grc' dir='ltr'>κ</span> 
     </span>
    </p>
   </div>
   <div class='ocr_carea' id='block_1_2' title="bbox 379 281 1149 387">
    <p class='ocr_par' dir='ltr' id='par_1_2' title="bbox 379 281 1149 387">
     <span class='ocr_line' id='line_1_2' title="bbox 379 281 1149 342; baseline 0.005 -12"><span class='ocrx_word' id='word_1_7' title='bbox 379 292 538 342; x_wconf 61' lang='lat' dir='ltr'><strong>Victrix,</strong></span> <span class='ocrx_word' id='word_1_8' title='bbox 568 293 738 332; x_wconf 76' lang='lat' dir='ltr'><strong>edomitis</strong></span> <span class='ocrx_word' id='word_1_9' title='bbox 763 292 866 333; x_wconf 85' lang='lat' dir='ltr'><strong>mille</strong></span> <span class='ocrx_word' id='word_1_10' title='bbox 891 293 1101 334; x_wconf 83' lang='lat' dir='ltr'><strong>furoribus:</strong></span> <span class='ocrx_word' id='word_1_11' title='bbox 1147 281 1149 283; x_wconf 42' lang='grc'><strong>’</strong></span> 
     </span>
     <span class='ocr_line' id='line_1_3' title="bbox 380 346 1112 387; baseline 0.004 -3"><span class='ocrx_word' id='word_1_12' title='bbox 380 346 453 384; x_wconf 87' lang='lat' dir='ltr'><strong>Vix</strong></span> <span class='ocrx_word' id='word_1_13' title='bbox 480 346 662 385; x_wconf 84' lang='lat' dir='ltr'><strong>adstricta</strong></span> <span class='ocrx_word' id='word_1_14' title='bbox 689 346 767 386; x_wconf 86' lang='lat' dir='ltr'><strong>suis</strong></span> <span class='ocrx_word' id='word_1_15' title='bbox 793 346 868 385; x_wconf 84' lang='lat' dir='ltr'><strong>iam</strong></span> <span class='ocrx_word' id='word_1_16' title='bbox 896 347 1112 387; x_wconf 87' lang='lat' dir='ltr'><strong>retinaculis</strong></span> 
     </span>
    </p>
   </div>
   <div class='ocr_carea' id='block_1_3' title="bbox 382 390 1428 450">
    <p class='ocr_par' dir='ltr' id='par_1_3' title="bbox 382 390 1428 450">
     <span class='ocr_line' id='line_1_4' title="bbox 382 390 1428 450; baseline 0.005 -13"><span class='ocrx_word' id='word_1_17' title='bbox 382 400 555 438; x_wconf 87' lang='lat' dir='ltr'><strong>Vectores</strong></span> <span class='ocrx_word' id='word_1_18' title='bbox 570 400 710 450; x_wconf 47' lang='lat' dir='ltr'><strong>‚stabili</strong></span> <span class='ocrx_word' id='word_1_19' title='bbox 736 400 952 440; x_wconf 77' lang='lat' dir='ltr'>condiderat</span> <span class='ocrx_word' id='word_1_20' title='bbox 978 401 1070 449; x_wconf 88' lang='lat' dir='ltr'><strong>solo,</strong></span> <span class='ocrx_word' id='word_1_21' title='bbox 1361 403 1412 442; x_wconf 88' lang='lat'><strong>65</strong></span> <span class='ocrx_word' id='word_1_22' title='bbox 1425 390 1428 394; x_wconf 52' lang='grc'>’</span> 
     </span>
    </p>
   </div>
   <div class='ocr_carea' id='block_1_4' title="bbox 374 453 1412 1188">
    <p class='ocr_par' dir='ltr' id='par_1_4' title="bbox 379 453 1079 502">
     <span class='ocr_line' id='line_1_5' title="bbox 379 453 1079 502; baseline 0.004 -12"><span class='ocrx_word' id='word_1_23' title='bbox 379 453 552 502; x_wconf 85' lang='lat' dir='ltr'><strong>Erumpit</strong></span> <span class='ocrx_word' id='word_1_24' title='bbox 578 453 700 492; x_wconf 89' lang='lat' dir='ltr'><strong>subito</strong></span> <span class='ocrx_word' id='word_1_25' title='bbox 726 453 834 492; x_wconf 89' lang='lat' dir='ltr'><strong>triste</strong></span> <span class='ocrx_word' id='word_1_26' title='bbox 861 454 1079 502; x_wconf 85' lang='lat' dir='ltr'><strong>periculum.</strong></span> 
     </span>
    </p>

    <p class='ocr_par' dir='ltr' id='par_1_5' title="bbox 379 506 1210 611">
     <span class='ocr_line' id='line_1_6' title="bbox 380 506 1179 557; baseline 0.004 -13"><span class='ocrx_word' id='word_1_27' title='bbox 380 506 495 557; x_wconf 81' lang='lat' dir='ltr'><strong>Nam,</strong></span> <span class='ocrx_word' id='word_1_28' title='bbox 525 507 612 544; x_wconf 89' lang='lat' dir='ltr'><strong>dum</strong></span> <span class='ocrx_word' id='word_1_29' title='bbox 639 507 868 556; x_wconf 82' lang='lat' dir='ltr'>praecalidos</span> <span class='ocrx_word' id='word_1_30' title='bbox 894 507 1079 556; x_wconf 84' lang='lat' dir='ltr'><strong>igniculos</strong></span> <span class='ocrx_word' id='word_1_31' title='bbox 1106 508 1179 547; x_wconf 87' lang='lat' dir='ltr'><strong>sibi</strong></span> 
     </span>
     <span class='ocr_line' id='line_1_7' title="bbox 379 559 1210 611; baseline 0.004 -14"><span class='ocrx_word' id='word_1_32' title='bbox 379 559 583 611; x_wconf 80' lang='lat' dir='ltr'><strong>Solvendis</strong></span> <span class='ocrx_word' id='word_1_33' title='bbox 599 561 750 599; x_wconf 79' lang='lat' dir='ltr'>adolent</span> <span class='ocrx_word' id='word_1_34' title='bbox 763 559 822 611; x_wconf 89' lang='lat'><strong>(1)</strong></span> <span class='ocrx_word' id='word_1_35' title='bbox 852 562 889 599; x_wconf 93' lang='lat' dir='ltr'><strong>et</strong></span> <span class='ocrx_word' id='word_1_36' title='bbox 915 562 1020 600; x_wconf 88' lang='lat' dir='ltr'><strong>senio</strong></span> <span class='ocrx_word' id='word_1_37' title='bbox 1046 563 1084 600; x_wconf 89' lang='lat' dir='ltr'><strong>et</strong></span> <span class='ocrx_word' id='word_1_38' title='bbox 1110 561 1210 610; x_wconf 90' lang='lat' dir='ltr'><strong>gelu,</strong></span> 
     </span>
    </p>

    <p class='ocr_par' dir='ltr' id='par_1_6' title="bbox 380 613 1198 664">
     <span class='ocr_line' id='line_1_8' title="bbox 380 613 1198 664; baseline 0.004 -13"><span class='ocrx_word' id='word_1_39' title='bbox 380 613 478 664; x_wconf 86' lang='lat' dir='ltr'><strong>Dum</strong></span> <span class='ocrx_word' id='word_1_40' title='bbox 505 614 633 662; x_wconf 84' lang='lat' dir='ltr'><strong>virgas</strong></span> <span class='ocrx_word' id='word_1_41' title='bbox 661 614 821 661; x_wconf 89' lang='lat' dir='ltr'><strong>steriles,</strong></span> <span class='ocrx_word' id='word_1_42' title='bbox 853 615 963 663; x_wconf 83' lang='lat' dir='ltr'><strong>atque</strong></span> <span class='ocrx_word' id='word_1_43' title='bbox 991 615 1198 663; x_wconf 88' lang='lat' dir='ltr'><strong>superfiuas</strong></span> 
     </span>
    </p>

    <p class='ocr_par' dir='ltr' id='par_1_7' title="bbox 379 665 1412 769">
     <span class='ocr_line' id='line_1_9' title="bbox 379 665 1412 718; baseline 0.004 -14"><span class='ocrx_word' id='word_1_44' title='bbox 379 665 559 705; x_wconf 84' lang='lat' dir='ltr'><strong>Flammis</strong></span> <span class='ocrx_word' id='word_1_45' title='bbox 589 667 632 718; x_wconf 85' lang='lat' dir='ltr'><strong>de</strong></span> <span class='ocrx_word' id='word_1_46' title='bbox 660 667 749 706; x_wconf 89' lang='lat' dir='ltr'><strong>fidei</strong></span> <span class='ocrx_word' id='word_1_47' title='bbox 775 667 928 716; x_wconf 79' lang='lat' dir='ltr'>palmite</span> <span class='ocrx_word' id='word_1_48' title='bbox 956 670 1206 716; x_wconf 89' lang='lat' dir='ltr'><strong>concremant,</strong></span> <span class='ocrx_word' id='word_1_49' title='bbox 1362 670 1412 708; x_wconf 86' lang='lat'><strong>&#39;70</strong></span> 
     </span>
     <span class='ocr_line' id='line_1_10' title="bbox 381 719 1096 769; baseline 0.004 -11"><span class='ocrx_word' id='word_1_50' title='bbox 381 719 432 758; x_wconf 87' lang='lat' dir='ltr'><strong>Ut</strong></span> <span class='ocrx_word' id='word_1_51' title='bbox 459 722 629 759; x_wconf 85' lang='lat' dir='ltr'><strong>concreta</strong></span> <span class='ocrx_word' id='word_1_52' title='bbox 656 721 764 769; x_wconf 81' lang='lat' dir='ltr'><strong>vagis</strong></span> <span class='ocrx_word' id='word_1_53' title='bbox 792 721 903 759; x_wconf 88' lang='lat' dir='ltr'><strong>vinea</strong></span> <span class='ocrx_word' id='word_1_54' title='bbox 929 721 1096 761; x_wconf 85' lang='lat' dir='ltr'><strong>crinibus</strong></span> 
     </span>
    </p>

    <p class='ocr_par' dir='ltr' id='par_1_8' title="bbox 379 772 1029 823">
     <span class='ocr_line' id='line_1_11' title="bbox 379 772 1029 823; baseline 0.005 -13"><span class='ocrx_word' id='word_1_55' title='bbox 379 772 514 813; x_wconf 83' lang='lat' dir='ltr'><strong>Silvosi</strong></span> <span class='ocrx_word' id='word_1_56' title='bbox 540 773 719 812; x_wconf 87' lang='lat' dir='ltr'><strong>inluviem</strong></span> <span class='ocrx_word' id='word_1_57' title='bbox 746 776 898 823; x_wconf 88' lang='lat' dir='ltr'><strong>poneret</strong></span> <span class='ocrx_word' id='word_1_58' title='bbox 923 774 1029 823; x_wconf 88' lang='lat' dir='ltr'><strong>idoli,</strong></span> 
     </span>
    </p>

    <p class='ocr_par' dir='ltr' id='par_1_9' title="bbox 379 826 1102 877">
     <span class='ocr_line' id='line_1_12' title="bbox 379 826 1102 877; baseline 0.003 -12"><span class='ocrx_word' id='word_1_59' title='bbox 379 826 558 875; x_wconf 80' lang='lat' dir='ltr'><strong>Palpavit</strong></span> <span class='ocrx_word' id='word_1_60' title='bbox 583 827 723 867; x_wconf 86' lang='lat' dir='ltr'><strong>nimius</strong></span> <span class='ocrx_word' id='word_1_61' title='bbox 749 828 950 876; x_wconf 88' lang='lat' dir='ltr'><strong>perniciem</strong></span> <span class='ocrx_word' id='word_1_62' title='bbox 976 830 1102 877; x_wconf 83' lang='lat' dir='ltr'><strong>tepor3</strong></span> 
     </span>
    </p>

    <p class='ocr_par' dir='ltr' id='par_1_10' title="bbox 378 880 1221 931">
     <span class='ocr_line' id='line_1_13' title="bbox 378 880 1221 931; baseline 0.004 -13"><span class='ocrx_word' id='word_1_63' title='bbox 378 880 468 928; x_wconf 84' lang='lat' dir='ltr'>Seps</span> <span class='ocrx_word' id='word_1_64' title='bbox 485 881 547 931; x_wconf 29' lang='lat'><em>(2),</em></span> <span class='ocrx_word' id='word_1_65' title='bbox 564 880 713 920; x_wconf 88' lang='lat' dir='ltr'><strong>insueta</strong></span> <span class='ocrx_word' id='word_1_66' title='bbox 741 880 857 929; x_wconf 91' lang='lat' dir='ltr'><strong>subit,</strong></span> <span class='ocrx_word' id='word_1_67' title='bbox 879 894 1022 931; x_wconf 84' lang='lat' dir='ltr'>serpere</span> <span class='ocrx_word' id='word_1_68' title='bbox 1049 881 1221 930; x_wconf 76' lang='lat' dir='ltr'><strong>flexibus,</strong></span> 
     </span>
    </p>

    <p class='ocr_par' dir='ltr' id='par_1_11' title="bbox 379 933 1410 1038">
     <span class='ocr_line' id='line_1_14' title="bbox 379 933 1410 984; baseline 0.005 -6"><span class='ocrx_word' id='word_1_69' title='bbox 379 934 439 978; x_wconf 60' lang='lat' dir='ltr'><strong>Ee.</strong></span> <span class='ocrx_word' id='word_1_70' title='bbox 456 933 618 980; x_wconf 63' lang='lat' dir='ltr'><strong>rimare„</strong></span> <span class='ocrx_word' id='word_1_71' title='bbox 628 946 747 983; x_wconf 68' lang='lat' dir='ltr'><strong>sagax</strong></span> <span class='ocrx_word' id='word_1_72' title='bbox 762 935 915 984; x_wconf 65' lang='lat' dir='ltr'><strong>,eloquii</strong></span> <span class='ocrx_word' id='word_1_73' title='bbox 938 938 1051 984; x_wconf 74' lang='lat' dir='ltr'><strong>caput</strong></span> <span class='ocrx_word' id='word_1_74' title='bbox 1064 951 1082 983; x_wconf 62' lang='lat'><strong>2„</strong></span> <span class='ocrx_word' id='word_1_75' title='bbox 1362 937 1410 976; x_wconf 82' lang='lat'><strong>75</strong></span> 
     </span>
     <span class='ocr_line' id='line_1_15' title="bbox 379 987 1202 1038; baseline 0.005 -14"><span class='ocrx_word' id='word_1_76' title='bbox 379 987 450 1025; x_wconf 90' lang='lat' dir='ltr'><strong>Sed</strong></span> <span class='ocrx_word' id='word_1_77' title='bbox 478 987 606 1038; x_wconf 85' lang='lat' dir='ltr'><strong>dextra</strong></span> <span class='ocrx_word' id='word_1_78' title='bbox 632 987 832 1036; x_wconf 78' lang='lat' dir='ltr'><strong>impatiens</strong></span> <span class='ocrx_word' id='word_1_79' title='bbox 859 989 1038 1036; x_wconf 88' lang='lat' dir='ltr'><strong>vulneris,</strong></span> <span class='ocrx_word' id='word_1_80' title='bbox 1068 989 1202 1028; x_wconf 88' lang='lat' dir='ltr'><strong>inritos</strong></span> 
     </span>
    </p>

    <p class='ocr_par' dir='ltr' id='par_1_12' title="bbox 379 1040 1087 1092">
     <span class='ocr_line' id='line_1_16' title="bbox 379 1040 1087 1092; baseline 0.003 -14"><span class='ocrx_word' id='word_1_81' title='bbox 379 1040 464 1079; x_wconf 88' lang='lat' dir='ltr'><strong>Oris</strong></span> <span class='ocrx_word' id='word_1_82' title='bbox 491 1041 667 1080; x_wconf 88' lang='lat' dir='ltr'><strong>rhetorici</strong></span> <span class='ocrx_word' id='word_1_83' title='bbox 682 1042 742 1092; x_wconf 85' lang='lat'><strong>(3)</strong></span> <span class='ocrx_word' id='word_1_84' title='bbox 759 1041 900 1090; x_wconf 75' lang='lat' dir='ltr'>depulit</span> <span class='ocrx_word' id='word_1_85' title='bbox 923 1043 1087 1080; x_wconf 79' lang='lat' dir='ltr'><strong>halitus:</strong></span> 
     </span>
    </p>

    <p class='ocr_par' dir='ltr' id='par_1_13' title="bbox 374 1093 1097 1145">
     <span class='ocr_line' id='line_1_17' title="bbox 374 1093 1097 1145; baseline 0.003 -14"><span class='ocrx_word' id='word_1_86' title='bbox 374 1093 542 1132; x_wconf 82' lang='lat' dir='ltr'><strong>Effusum</strong></span> <span class='ocrx_word' id='word_1_87' title='bbox 568 1094 714 1143; x_wconf 85' lang='lat' dir='ltr'><strong>ingenii</strong></span> <span class='ocrx_word' id='word_1_88' title='bbox 740 1095 843 1134; x_wconf 88' lang='lat' dir='ltr'><strong>virus</strong></span> <span class='ocrx_word' id='word_1_89' title='bbox 858 1096 917 1145; x_wconf 91' lang='lat'><strong>(4)</strong></span> <span class='ocrx_word' id='word_1_90' title='bbox 933 1095 1097 1133; x_wconf 88' lang='lat' dir='ltr'><strong>inaniter</strong></span> 
     </span>
    </p>

    <p class='ocr_par' dir='ltr' id='par_1_14' title="bbox 377 1147 1180 1188">
     <span class='ocr_line' id='line_1_18' title="bbox 377 1147 1180 1188; baseline 0.004 -4"><span class='ocrx_word' id='word_1_91' title='bbox 377 1147 528 1185; x_wconf 87' lang='lat' dir='ltr'><strong>Summa</strong></span> <span class='ocrx_word' id='word_1_92' title='bbox 556 1147 789 1186; x_wconf 82' lang='lat' dir='ltr'><strong>Christicolis</strong></span> <span class='ocrx_word' id='word_1_93' title='bbox 817 1148 857 1186; x_wconf 92' lang='lat' dir='ltr'><strong>in</strong></span> <span class='ocrx_word' id='word_1_94' title='bbox 885 1150 968 1187; x_wconf 90' lang='lat' dir='ltr'><strong>cute</strong></span> <span class='ocrx_word' id='word_1_95' title='bbox 997 1149 1180 1188; x_wconf 76' lang='lat' dir='ltr'><strong>substitit.</strong></span> 
     </span>
    </p>
   </div>
   <div class='ocr_carea' id='block_1_5' title="bbox 189 1199 1461 1251">
    <p class='ocr_par' dir='ltr' id='par_1_15' title="bbox 189 1199 1461 1251">
     <span class='ocr_line' id='line_1_19' title="bbox 189 1199 1461 1251; baseline 0.005 -14"><span class='ocrx_word' id='word_1_96' title='bbox 189 1210 254 1251; x_wconf 56' lang='lat' dir='ltr'><strong>U}</strong></span> <span class='ocrx_word' id='word_1_97' title='bbox 323 1199 494 1239; x_wconf 87' lang='lat' dir='ltr'>Salvator</span> <span class='ocrx_word' id='word_1_98' title='bbox 521 1201 668 1250; x_wconf 90' lang='lat' dir='ltr'><strong>generis</strong></span> <span class='ocrx_word' id='word_1_99' title='bbox 696 1201 880 1248; x_wconf 88' lang='lat' dir='ltr'><strong>Romulei,</strong></span> <span class='ocrx_word' id='word_1_100' title='bbox 910 1213 1051 1250; x_wconf 87' lang='lat' dir='ltr'><strong>precor,</strong></span> <span class='ocrx_word' id='word_1_101' title='bbox 1358 1203 1408 1242; x_wconf 86' lang='lat'><strong>80</strong></span> <span class='ocrx_word' id='word_1_102' title='bbox 1459 1212 1461 1214; x_wconf 84' lang='grc'><em>·</em></span> 
     </span>
    </p>
   </div>
   <div class='ocr_carea' id='block_1_6' title="bbox 376 1253 1190 1411">
    <p class='ocr_par' dir='ltr' id='par_1_16' title="bbox 376 1253 1190 1411">
     <span class='ocr_line' id='line_1_20' title="bbox 378 1253 1173 1304; baseline 0.001 -12"><span class='ocrx_word' id='word_1_103' title='bbox 378 1253 450 1300; x_wconf 80' lang='lat' dir='ltr'><strong>Qui</strong></span> <span class='ocrx_word' id='word_1_104' title='bbox 476 1254 622 1293; x_wconf 90' lang='lat' dir='ltr'><strong>cunctis</strong></span> <span class='ocrx_word' id='word_1_105' title='bbox 650 1254 797 1293; x_wconf 83' lang='lat' dir='ltr'><strong>veniam</strong></span> <span class='ocrx_word' id='word_1_106' title='bbox 825 1255 892 1293; x_wconf 87' lang='lat' dir='ltr'><strong>das</strong></span> <span class='ocrx_word' id='word_1_107' title='bbox 920 1255 1173 1304; x_wconf 88' lang='lat' dir='ltr'><strong>pereuntibus,</strong></span> 
     </span>
     <span class='ocr_line' id='line_1_21' title="bbox 376 1307 1159 1358; baseline 0.003 -13"><span class='ocrx_word' id='word_1_108' title='bbox 376 1307 446 1354; x_wconf 78' lang='lat' dir='ltr'><strong>Qui</strong></span> <span class='ocrx_word' id='word_1_109' title='bbox 474 1308 619 1346; x_wconf 87' lang='lat' dir='ltr'><strong>nullum</strong></span> <span class='ocrx_word' id='word_1_110' title='bbox 647 1308 786 1347; x_wconf 86' lang='lat' dir='ltr'><strong>statuis</strong></span> <span class='ocrx_word' id='word_1_111' title='bbox 815 1320 890 1346; x_wconf 89' lang='lat' dir='ltr'><strong>non</strong></span> <span class='ocrx_word' id='word_1_112' title='bbox 919 1309 1039 1358; x_wconf 85' lang='lat' dir='ltr'><strong>operis</strong></span> <span class='ocrx_word' id='word_1_113' title='bbox 1066 1309 1123 1347; x_wconf 91' lang='lat' dir='ltr'><strong>tui</strong></span> <span class='ocrx_word' id='word_1_114' title='bbox 1157 1316 1159 1319; x_wconf 83' lang='lat'>&#39;</span> 
     </span>
     <span class='ocr_line' id='line_1_22' title="bbox 377 1361 1190 1411; baseline 0.002 -12"><span class='ocrx_word' id='word_1_115' title='bbox 377 1361 591 1409; x_wconf 90' lang='lat' dir='ltr'><strong>Mortalem‚</strong></span> <span class='ocrx_word' id='word_1_116' title='bbox 622 1361 724 1401; x_wconf 80' lang='lat' dir='ltr'><strong>facili</strong></span> <span class='ocrx_word' id='word_1_117' title='bbox 753 1374 860 1411; x_wconf 87' lang='lat' dir='ltr'><strong>quem</strong></span> <span class='ocrx_word' id='word_1_118' title='bbox 887 1362 1027 1402; x_wconf 84' lang='lat' dir='ltr'><strong>releves</strong></span> <span class='ocrx_word' id='word_1_119' title='bbox 1053 1374 1190 1401; x_wconf 84' lang='lat' dir='ltr'><strong>manu:</strong></span> 
     </span>
    </p>
   </div>
   <div class='ocr_carea' id='block_1_7' title="bbox 270 1514 1406 1635">
    <p class='ocr_par' dir='ltr' id='par_1_17' title="bbox 270 1514 1406 1635">
     <span class='ocr_line' id='line_1_23' title="bbox 335 1514 1406 1554; baseline 0.003 -9"><span class='ocrx_word' id='word_1_120' title='bbox 335 1514 381 1554; x_wconf 85' lang='lat'><strong>(1)</strong></span> <span class='ocrx_word' id='word_1_121' title='bbox 404 1514 573 1547; x_wconf 79' lang='lat' dir='ltr'>adolent...</span> <span class='ocrx_word' id='word_1_122' title='bbox 596 1515 674 1546; x_wconf 78' lang='lat' dir='ltr'><strong>dum</strong></span> <span class='ocrx_word' id='word_1_123' title='bbox 697 1525 798 1554; x_wconf 67' lang='lat' dir='ltr'><strong>vayas</strong></span> <span class='ocrx_word' id='word_1_124' title='bbox 821 1519 851 1546; x_wconf 81' lang='lat' dir='ltr'><strong>et</strong></span> <span class='ocrx_word' id='word_1_125' title='bbox 871 1516 1013 1547; x_wconf 75' lang='lat' dir='ltr'><strong>steriles.</strong></span> <span class='ocrx_word' id='word_1_126' title='bbox 1044 1516 1123 1547; x_wconf 89' lang='lat' dir='ltr'><strong>Dum</strong></span> <span class='ocrx_word' id='word_1_127' title='bbox 1150 1516 1324 1549; x_wconf 86' lang='lat' dir='ltr'><strong>Christiani</strong></span> <span class='ocrx_word' id='word_1_128' title='bbox 1353 1525 1406 1548; x_wconf 88' lang='lat' dir='ltr'><strong>no-</strong></span> 
     </span>
     <span class='ocr_line' id='line_1_24' title="bbox 271 1557 1406 1597; baseline 0.003 -11"><span class='ocrx_word' id='word_1_129' title='bbox 271 1557 367 1587; x_wconf 82' lang='lat' dir='ltr'><strong>minis</strong></span> <span class='ocrx_word' id='word_1_130' title='bbox 389 1557 523 1587; x_wconf 70' lang='lat' dir='ltr'><strong>cultores</strong></span> <span class='ocrx_word' id='word_1_131' title='bbox 544 1557 666 1588; x_wconf 76' lang='lat' dir='ltr'><strong>steriles</strong></span> <span class='ocrx_word' id='word_1_132' title='bbox 687 1558 838 1595; x_wconf 80' lang='lat' dir='ltr'><strong>reliquias</strong></span> <span class='ocrx_word' id='word_1_133' title='bbox 860 1558 963 1588; x_wconf 78' lang='lat' dir='ltr'><strong>cultus</strong></span> <span class='ocrx_word' id='word_1_134' title='bbox 986 1558 1136 1589; x_wconf 87' lang='lat' dir='ltr'><strong>idolorum</strong></span> <span class='ocrx_word' id='word_1_135' title='bbox 1157 1559 1283 1597; x_wconf 75' lang='lat' dir='ltr'><strong>ignibus</strong></span> <span class='ocrx_word' id='word_1_136' title='bbox 1298 1568 1406 1591; x_wconf 87' lang='lat' dir='ltr'><strong>consu-</strong></span> 
     </span>
     <span class='ocr_line' id='line_1_25' title="bbox 270 1599 948 1635; baseline 0.003 -6"><span class='ocrx_word' id='word_1_137' title='bbox 270 1600 379 1635; x_wconf 78' lang='lat' dir='ltr'><strong>munt3</strong></span> <span class='ocrx_word' id='word_1_138' title='bbox 402 1607 477 1629; x_wconf 86' lang='lat' dir='ltr'><strong>nam</strong></span> <span class='ocrx_word' id='word_1_139' title='bbox 498 1599 631 1629; x_wconf 80' lang='lat' dir='ltr'><strong>adolent</strong></span> <span class='ocrx_word' id='word_1_140' title='bbox 652 1599 704 1630; x_wconf 83' lang='lat' dir='ltr'><strong>hie</strong></span> <span class='ocrx_word' id='word_1_141' title='bbox 726 1602 774 1630; x_wconf 84' lang='lat' dir='ltr'><strong>est</strong></span> <span class='ocrx_word' id='word_1_142' title='bbox 796 1600 948 1631; x_wconf 80' lang='lat' dir='ltr'><strong>translat.</strong></span> 
     </span>
    </p>
   </div>
   <div class='ocr_carea' id='block_1_8' title="bbox 249 1657 1407 1869">
    <p class='ocr_par' dir='ltr' id='par_1_18' title="bbox 249 1657 1407 1869">
     <span class='ocr_line' id='line_1_26' title="bbox 249 1657 1406 1703; baseline 0.004 -18"><span class='ocrx_word' id='word_1_143' title='bbox 249 1682 251 1685; x_wconf 29' lang='lat'><strong>⁴</strong></span> <span class='ocrx_word' id='word_1_144' title='bbox 332 1658 376 1696; x_wconf 80' lang='lat'><strong>(2)</strong></span> <span class='ocrx_word' id='word_1_145' title='bbox 404 1658 483 1696; x_wconf 79' lang='lat' dir='ltr'><strong>Seps</strong></span> <span class='ocrx_word' id='word_1_146' title='bbox 503 1658 646 1689; x_wconf 68' lang='lat' dir='ltr'><strong>insueta.</strong></span> <span class='ocrx_word' id='word_1_147' title='bbox 667 1658 726 1688; x_wconf 84' lang='lat' dir='ltr'><strong>Est</strong></span> <span class='ocrx_word' id='word_1_148' title='bbox 749 1657 825 1703; x_wconf 74' lang='grc' dir='ltr'>σεψ,</span> <span class='ocrx_word' id='word_1_149' title='bbox 851 1657 965 1699; x_wconf 55' lang='lat' dir='ltr'><strong>ambe,</strong></span> <span class='ocrx_word' id='word_1_150' title='bbox 988 1667 1030 1689; x_wconf 88' lang='lat' dir='ltr'><strong>m.</strong></span> <span class='ocrx_word' id='word_1_151' title='bbox 1047 1659 1116 1690; x_wconf 80' lang='lat' dir='ltr'><strong>ets.</strong></span> <span class='ocrx_word' id='word_1_152' title='bbox 1139 1659 1276 1690; x_wconf 83' lang='lat' dir='ltr'><strong>lucertae</strong></span> <span class='ocrx_word' id='word_1_153' title='bbox 1297 1668 1406 1698; x_wconf 78' lang='lat' dir='ltr'><strong>genus,</strong></span> 
     </span>
     <span class='ocr_line' id='line_1_27' title="bbox 271 1706 1407 1745; baseline 0.002 -10"><span class='ocrx_word' id='word_1_154' title='bbox 271 1713 327 1735; x_wconf 83' lang='lat' dir='ltr'><strong>seu</strong></span> <span class='ocrx_word' id='word_1_155' title='bbox 352 1714 464 1743; x_wconf 83' lang='lat' dir='ltr'><strong>parvus</strong></span> <span class='ocrx_word' id='word_1_156' title='bbox 484 1714 620 1744; x_wconf 79' lang='lat' dir='ltr'><strong>serpens,</strong></span> <span class='ocrx_word' id='word_1_157' title='bbox 638 1706 675 1736; x_wconf 91' lang='lat' dir='ltr'><strong>de</strong></span> <span class='ocrx_word' id='word_1_158' title='bbox 690 1714 748 1743; x_wconf 86' lang='lat' dir='ltr'><strong>quo</strong></span> <span class='ocrx_word' id='word_1_159' title='bbox 771 1707 861 1745; x_wconf 58' lang='lat' dir='ltr'><strong>Pus.</strong></span> <span class='ocrx_word' id='word_1_160' title='bbox 878 1706 975 1736; x_wconf 64' lang='lat' dir='ltr'><strong>Maior</strong></span> <span class='ocrx_word' id='word_1_161' title='bbox 995 1706 1114 1743; x_wconf 90' lang='lat' dir='ltr'>XXIX,</span> <span class='ocrx_word' id='word_1_162' title='bbox 1131 1708 1163 1744; x_wconf 81' lang='lat'><strong>5,</strong></span> <span class='ocrx_word' id='word_1_163' title='bbox 1178 1707 1231 1738; x_wconf 80' lang='lat'><strong>32.</strong></span> <span class='ocrx_word' id='word_1_164' title='bbox 1253 1707 1331 1737; x_wconf 90' lang='lat' dir='ltr'><strong>Eum</strong></span> <span class='ocrx_word' id='word_1_165' title='bbox 1347 1707 1407 1738; x_wconf 89' lang='lat' dir='ltr'><strong>Lu-</strong></span> 
     </span>
     <span class='ocr_line' id='line_1_28' title="bbox 271 1747 1406 1787; baseline 0.002 -11"><span class='ocrx_word' id='word_1_166' title='bbox 271 1755 366 1777; x_wconf 87' lang='lat' dir='ltr'><strong>canus</strong></span> <span class='ocrx_word' id='word_1_167' title='bbox 387 1747 549 1777; x_wconf 80' lang='lat' dir='ltr'><strong>tabificum</strong></span> <span class='ocrx_word' id='word_1_168' title='bbox 571 1749 680 1782; x_wconf 82' lang='lat' dir='ltr'><strong>vocat:</strong></span> <span class='ocrx_word' id='word_1_169' title='bbox 705 1747 822 1777; x_wconf 65' lang='lat' dir='ltr'><strong>Avsou.</strong></span> <span class='ocrx_word' id='word_1_170' title='bbox 842 1748 937 1778; x_wconf 80' lang='lat' dir='ltr'><strong>ferale</strong></span> <span class='ocrx_word' id='word_1_171' title='bbox 959 1748 1074 1778; x_wconf 84' lang='lat' dir='ltr'><strong>malum</strong></span> <span class='ocrx_word' id='word_1_172' title='bbox 1102 1749 1258 1779; x_wconf 80' lang='lat' dir='ltr'><strong>Ausoniae</strong></span> <span class='ocrx_word' id='word_1_173' title='bbox 1278 1749 1312 1779; x_wconf 87' lang='lat' dir='ltr'><strong>in</strong></span> <span class='ocrx_word' id='word_1_174' title='bbox 1327 1748 1406 1787; x_wconf 82' lang='lat' dir='ltr'><strong>ydil·</strong></span> 
     </span>
     <span class='ocr_line' id='line_1_29' title="bbox 271 1788 1406 1829; baseline 0.003 -11"><span class='ocrx_word' id='word_1_175' title='bbox 271 1788 314 1818; x_wconf 90' lang='lat' dir='ltr'><strong>lio</strong></span> <span class='ocrx_word' id='word_1_176' title='bbox 336 1788 410 1824; x_wconf 82' lang='lat' dir='ltr'>XII,</span> <span class='ocrx_word' id='word_1_177' title='bbox 429 1789 786 1827; x_wconf 70' lang='lat' dir='ltr'><strong>yrammaticomastiae.</strong></span> <span class='ocrx_word' id='word_1_178' title='bbox 810 1789 931 1819; x_wconf 84' lang='lat' dir='ltr'><strong>Transl.</strong></span> <span class='ocrx_word' id='word_1_179' title='bbox 955 1792 1063 1820; x_wconf 82' lang='lat' dir='ltr'><strong>noster</strong></span> <span class='ocrx_word' id='word_1_180' title='bbox 1091 1790 1130 1820; x_wconf 90' lang='lat' dir='ltr'><strong>ad</strong></span> <span class='ocrx_word' id='word_1_181' title='bbox 1151 1790 1338 1829; x_wconf 80' lang='lat' dir='ltr'><strong>Symmaoh.</strong></span> <span class='ocrx_word' id='word_1_182' title='bbox 1359 1798 1406 1821; x_wconf 82' lang='lat' dir='ltr'><strong>re-</strong></span> 
     </span>
     <span class='ocr_line' id='line_1_30' title="bbox 272 1838 869 1869; baseline 0.002 -9"><span class='ocrx_word' id='word_1_183' title='bbox 272 1838 418 1869; x_wconf 76' lang='lat' dir='ltr'><strong>spiciens.</strong></span> <span class='ocrx_word' id='word_1_184' title='bbox 866 1843 869 1848; x_wconf 91' lang='lat'>·</span> 
     </span>
    </p>
   </div>
   <div class='ocr_carea' id='block_1_9' title="bbox 272 1886 1408 2012">
    <p class='ocr_par' dir='ltr' id='par_1_19' title="bbox 272 1886 1408 2012">
     <span class='ocr_line' id='line_1_31' title="bbox 337 1886 1408 1928; baseline 0.001 -8"><span class='ocrx_word' id='word_1_185' title='bbox 337 1889 382 1928; x_wconf 87' lang='grc'><strong>(3)</strong></span> <span class='ocrx_word' id='word_1_186' title='bbox 405 1890 482 1920; x_wconf 74' lang='lat' dir='ltr'><strong>Oris</strong></span> <span class='ocrx_word' id='word_1_187' title='bbox 502 1890 658 1920; x_wconf 67' lang='lat' dir='ltr'><strong>rhetorica·</strong></span> <span class='ocrx_word' id='word_1_188' title='bbox 677 1886 797 1924; x_wconf 76' lang='lat' dir='ltr'><strong>Recte:</strong></span> <span class='ocrx_word' id='word_1_189' title='bbox 820 1897 892 1920; x_wconf 80' lang='lat' dir='ltr'><strong>nom</strong></span> <span class='ocrx_word' id='word_1_190' title='bbox 914 1889 1033 1920; x_wconf 75' lang='lat' dir='ltr'><strong>Rheior</strong></span> <span class='ocrx_word' id='word_1_191' title='bbox 1053 1898 1113 1920; x_wconf 87' lang='lat' dir='ltr'><strong>non</strong></span> <span class='ocrx_word' id='word_1_192' title='bbox 1141 1891 1246 1922; x_wconf 81' lang='lat' dir='ltr'><strong>orator</strong></span> <span class='ocrx_word' id='word_1_193' title='bbox 1271 1890 1349 1925; x_wconf 80' lang='lat' dir='ltr'><strong>suit:</strong></span> <span class='ocrx_word' id='word_1_194' title='bbox 1373 1890 1408 1921; x_wconf 86' lang='lat' dir='ltr'><strong>et</strong></span> 
     </span>
     <span class='ocr_line' id='line_1_32' title="bbox 272 1931 1406 1970; baseline 0.001 -9"><span class='ocrx_word' id='word_1_195' title='bbox 272 1931 458 1961; x_wconf 71' lang='lat' dir='ltr'><strong>MAcaomvs</strong></span> <span class='ocrx_word' id='word_1_196' title='bbox 478 1931 512 1961; x_wconf 89' lang='lat' dir='ltr'><strong>in</strong></span> <span class='ocrx_word' id='word_1_197' title='bbox 534 1932 675 1964; x_wconf 78' lang='lat' dir='ltr'><strong>Saturn.</strong></span> <span class='ocrx_word' id='word_1_198' title='bbox 700 1931 737 1968; x_wconf 84' lang='lat' dir='ltr'><strong>V,</strong></span> <span class='ocrx_word' id='word_1_199' title='bbox 762 1931 776 1961; x_wconf 97' lang='lat'>1</span> <span class='ocrx_word' id='word_1_200' title='bbox 801 1932 908 1970; x_wconf 71' lang='lat' dir='ltr'><strong>aperte</strong></span> <span class='ocrx_word' id='word_1_201' title='bbox 932 1932 1049 1962; x_wconf 77' lang='lat' dir='ltr'><strong>fatetur</strong></span> <span class='ocrx_word' id='word_1_202' title='bbox 1070 1932 1107 1962; x_wconf 87' lang='lat' dir='ltr'><strong>de</strong></span> <span class='ocrx_word' id='word_1_203' title='bbox 1129 1932 1195 1962; x_wconf 85' lang='lat' dir='ltr'><strong>eius</strong></span> <span class='ocrx_word' id='word_1_204' title='bbox 1216 1932 1406 1969; x_wconf 81' lang='lat' dir='ltr'><strong>eloquentia,</strong></span> 
     </span>
     <span class='ocr_line' id='line_1_33' title="bbox 272 1972 1404 2012; baseline 0.001 -11"><span class='ocrx_word' id='word_1_205' title='bbox 272 1981 340 2002; x_wconf 86' lang='lat' dir='ltr'><strong>eum</strong></span> <span class='ocrx_word' id='word_1_206' title='bbox 358 1973 390 2002; x_wconf 88' lang='lat' dir='ltr'><strong>in</strong></span> <span class='ocrx_word' id='word_1_207' title='bbox 406 1972 573 2010; x_wconf 78' lang='lat' dir='ltr'><strong>eloquendo</strong></span> <span class='ocrx_word' id='word_1_208' title='bbox 589 1973 781 2004; x_wconf 72' lang='lat' dir='ltr'><strong>luxuriari:</strong></span> <span class='ocrx_word' id='word_1_209' title='bbox 799 1983 817 2001; x_wconf 85' lang='lat'><strong>«</strong></span> <span class='ocrx_word' id='word_1_210' title='bbox 834 1974 946 2004; x_wconf 86' lang='lat' dir='ltr'><strong>Noster</strong></span> <span class='ocrx_word' id='word_1_211' title='bbox 961 1973 1166 2012; x_wconf 80' lang='lat' dir='ltr'><strong>Symmachus</strong></span> <span class='ocrx_word' id='word_1_212' title='bbox 1179 1974 1372 2006; x_wconf 84' lang='lat' dir='ltr'><strong>luxuriatur.</strong></span> <span class='ocrx_word' id='word_1_213' title='bbox 1385 1983 1404 2002; x_wconf 71' lang='lat' dir='ltr'><strong>a·</strong></span> 
     </span>
    </p>
   </div>
   <div class='ocr_carea' id='block_1_10' title="bbox 272 2030 1404 2154">
    <p class='ocr_par' dir='ltr' id='par_1_20' title="bbox 272 2030 1404 2154">
     <span class='ocr_line' id='line_1_34' title="bbox 336 2030 1404 2071; baseline 0.001 -10"><span class='ocrx_word' id='word_1_214' title='bbox 336 2030 384 2070; x_wconf 87' lang='lat'><strong>(4)</strong></span> <span class='ocrx_word' id='word_1_215' title='bbox 407 2032 560 2070; x_wconf 79' lang='lat' dir='ltr'><strong>Effusum</strong></span> <span class='ocrx_word' id='word_1_216' title='bbox 583 2032 712 2071; x_wconf 70' lang='lat' dir='ltr'><strong>inqem&#39;i</strong></span> <span class='ocrx_word' id='word_1_217' title='bbox 731 2033 838 2064; x_wconf 81' lang='lat' dir='ltr'><strong>virus.</strong></span> <span class='ocrx_word' id='word_1_218' title='bbox 861 2033 972 2063; x_wconf 79' lang='lat' dir='ltr'><strong>Decem</strong></span> <span class='ocrx_word' id='word_1_219' title='bbox 988 2032 1090 2063; x_wconf 86' lang='lat' dir='ltr'><strong>adhuc</strong></span> <span class='ocrx_word' id='word_1_220' title='bbox 1105 2033 1273 2071; x_wconf 84' lang='lat' dir='ltr'><strong>supersunt</strong></span> <span class='ocrx_word' id='word_1_221' title='bbox 1288 2031 1404 2063; x_wconf 81' lang='lat' dir='ltr'><strong>Aurelii</strong></span> 
     </span>
     <span class='ocr_line' id='line_1_35' title="bbox 272 2072 1404 2113; baseline 0.001 -11"><span class='ocrx_word' id='word_1_222' title='bbox 272 2072 449 2110; x_wconf 84' lang='lat' dir='ltr'><strong>Symmachi</strong></span> <span class='ocrx_word' id='word_1_223' title='bbox 473 2073 543 2104; x_wconf 91' lang='lat' dir='ltr'><strong>libri</strong></span> <span class='ocrx_word' id='word_1_224' title='bbox 567 2074 776 2112; x_wconf 82' lang='lat' dir='ltr'><strong>Epistolarum</strong></span> <span class='ocrx_word' id='word_1_225' title='bbox 799 2075 832 2105; x_wconf 91' lang='lat' dir='ltr'><strong>in</strong></span> <span class='ocrx_word' id='word_1_226' title='bbox 854 2075 966 2113; x_wconf 87' lang='lat' dir='ltr'><strong>quibus</strong></span> <span class='ocrx_word' id='word_1_227' title='bbox 986 2083 1020 2105; x_wconf 83' lang='lat' dir='ltr'><strong>se</strong></span> <span class='ocrx_word' id='word_1_228' title='bbox 1042 2074 1161 2106; x_wconf 83' lang='lat' dir='ltr'><strong>hostem</strong></span> <span class='ocrx_word' id='word_1_229' title='bbox 1172 2074 1404 2106; x_wconf 81' lang='lat' dir='ltr'><strong>acerbissimum</strong></span> 
     </span>
     <span class='ocr_line' id='line_1_36' title="bbox 273 2113 701 2154; baseline 0.014 -12"><span class='ocrx_word' id='word_1_230' title='bbox 273 2113 523 2146; x_wconf 79' lang='lat' dir='ltr'><strong>Christianorum</strong></span> <span class='ocrx_word' id='word_1_231' title='bbox 545 2116 701 2154; x_wconf 85' lang='lat' dir='ltr'><strong>praebuit.</strong></span> 
     </span>
    </p>
   </div>
   <div class='ocr_carea' id='block_1_11' title="bbox 0 0 1566 167">
    <p class='ocr_par' dir='ltr' id='par_1_21' title="bbox 0 0 1566 167">
     <span class='ocr_line' id='line_1_37' title="bbox 0 0 1566 167; baseline 0 2315"><span class='ocrx_word' id='word_1_232' title='bbox 0 0 1566 167; x_wconf 95' lang='lat' dir='ltr'><strong> </strong></span> 
     </span>
    </p>
   </div>
   <div class='ocr_carea' id='block_1_12' title="bbox 1525 1771 1566 2482">
    <p class='ocr_par' dir='ltr' id='par_1_22' title="bbox 1525 1771 1566 2482">
     <span class='ocr_line' id='line_1_38' title="bbox 1525 1771 1566 2482; baseline 0 0"><span class='ocrx_word' id='word_1_233' title='bbox 1525 1771 1566 2482; x_wconf 95' lang='lat' dir='ltr'><strong> </strong></span> 
     </span>
    </p>
   </div>
  </div>
 </body>
</html>
