1566 2482
255 145 334 187 124
633 155 785 186 Amnn
809 155 1012 186 Parnmr

256 266 432 314 Ignotus,
462 265 530 311 uni
556 265 729 315 cognitus
755 267 904 305 tantum
930 267 1021 306 Deo.

256 319 342 356 Mox
369 320 406 356 et
433 318 615 358 triformis
643 320 873 368 Angelorum
897 319 1050 359 trinitas
1339 322 1391 360 45

255 371 361 410 Senis
379 372 509 411 revisit
535 372 695 422 hospitis
721 374 886 422 mapalia
915 373 991 424 (1).

256 426 306 465 Et
333 425 409 463 iam
437 425 572 464 vietam
600 428 710 465 Sarra
738 427 778 466 in
806 428 931 466 alvum
961 427 1020 477 (2)
1050 427 1185 466 fertilis

257 479 396 517 Munus
424 479 605 520 iuventae.
622 483 741 532 mater
767 482 969 531 exsanguis
997 483 1136 530 stupet,

257 532 424 570 Haerede
451 534 634 582 gaudem,
655 537 693 573 et
719 535 892 574 cachinni
921 535 980 585 (3)
1009 535 1214 583 poenitens.

259 586 363 623 Haec
391 586 439 623 ad
467 587 626 635 figuram
653 590 871 636 praenotata
897 590 956 628 est
982 589 1096 636 linea,
1342 590 1392 627 50

257 640 375 685 Quam
403 641 532 679 nostra
559 643 657 680 recto
684 642 764 681 vita
782 643 969 691 resculpat
994 643 1108 691 pede:

258 691 502 741 Vigilandum
529 694 569 733 in
597 695 710 734 armis
740 696 800 746 (4)
830 698 1017 744 pectorum
1044 696 1223 743 fidelium,

258 746 488 795 Omnemque
516 748 635 787 nostri
661 750 867 798 portionem
890 750 1069 798 corporis,

257 800 358 846 Quae
386 802 496 848 capta
523 802 650 840 foedae
679 803 817 842 serviat
842 804 1005 851 libidini,

258 853 367 891 Domi
394 854 532 893 coactis
559 855 789 895 liberandam
816 857 957 896 viribus
986 856 1062 907 (5).
1341 856 1391 894 55

258 907 338 946 Nos
366 919 445 947 esse
472 908 576 958 large
604 911 841 950 vernularum
869 911 1018 959 divites,

257 960 294 998 Si
323 961 412 1009 quid
437 963 591 1001 trecenti
621 963 706 1013 (6),v
727 965 786 1003 bis
814 965 967 1004 novenis
995 964 1149 1012 additis,

321 1084 366 1125 (1)
388 1087 550 1124 mapalia,
572 1096 624 1117 seu
646 1089 806 1126 mayalia,
830 1089 867 1119 de
890 1090 1000 1126 quibus
1022 1088 1190 1120 Sallustius
1213 1088 1246 1118 in
1268 1089 1389 1126 quur-

259 1127 350 1156 thino
370 1127 463 1158 XXI:
489 1139 506 1156 «
528 1129 678 1160 Aedificia
699 1131 903 1161 Numidarum
936 1131 1118 1168 agrestium,
1142 1139 1222 1168 quae
1254 1130 1393 1168 mapalia

258 1168 303 1198 illi
327 1170 450 1206 vocant,
472 1170 613 1208 oblonga,
638 1172 775 1202 incurvis
794 1173 946 1203 lateribus
967 1174 1065 1209 tecta,
1090 1172 1179 1209 quasi
1201 1172 1327 1202 navium
1343 1180 1395 1202 ca-

258 1210 346 1240 rinae
366 1211 450 1240 sunt.
476 1223 493 1239 »

321 1251 367 1291 (2)
391 1253 546 1285 vietam...
561 1255 596 1283 in
611 1255 738 1285 (ilvam.
756 1256 876 1293 Victus,
893 1256 1015 1294 proprie
1031 1255 1144 1292 mollis,
1162 1255 1326 1289 flaccidus:
1341 1254 1393 1285 hic

259 1294 363 1323 autem
385 1295 494 1325 effetus
515 1297 573 1326 est.
599 1296 632 1325 In
650 1306 709 1327 uno
730 1298 827 1327 Vatic.
851 1299 993 1336 quietam
1007 1297 1138 1334 legimus
1151 1306 1224 1327 orae
1239 1297 1391 1332 additum.

262 1336 421 1372 tamquam
442 1337 603 1373 glossema.
627 1355 669 1361 -
689 1341 808 1370 Sarra.
835 1340 988 1370 Scribitur
1016 1340 1049 1369 et
1069 1339 1156 1369 Sara
1178 1347 1215 1369 ex
1237 1338 1322 1368 LXX
1343 1338 1393 1368 IN-

259 1384 406 1409 TERPRET.
425 1379 567 1409 Ceterum
585 1381 702 1410 veteres
727 1381 832 1411 Latini
855 1378 980 1411 iltteras
1001 1381 1203 1410 consonantes
1219 1389 1279 1410 nou
1295 1380 1391 1417 gemi-

260 1418 391 1455 nabant,
416 1421 448 1450 et
470 1421 557 1450 Sara
579 1430 638 1452 nou
660 1425 822 1460 repugnat.
837 1422 913 1453 Eam
930 1432 1127 1460 eaesanyuem
1145 1422 1236 1453 vocat
1249 1422 1286 1452 ob
1307 1430 1392 1452 sene·

259 1461 388 1491 ctutem.

265 1536 273 1541 „
323 1501 374 1541 (3)
397 1504 550 1533 cachinni
566 1506 748 1542 poenitens.
774 1507 811 1537 V.
836 1506 949 1536 Genus.
972 1505 1089 1536 XVIII.

323 1544 367 1580 (4)
397 1545 610 1583 Viyilandum
633 1548 669 1577 in
691 1549 820 1579 armis.-
845 1549 879 1578 ut
900 1548 982 1578 euim
1005 1547 1164 1578 verissime
1185 1547 1300 1578 cecinit
1313 1547 1396 1577 Pno-

260 1593 335 1615 spmc
357 1585 541 1621 onuumvs
562 1589 593 1617 in
618 1589 786 1628 Epigram.>
800 1589 920 1620 XXIV:

343 1634 508 1670 Nunquam
529 1636 609 1666 bella
631 1638 729 1674 bonis,
751 1646 908 1675 nunquam
930 1637 1112 1668 discrimina
1133 1637 1262 1674 desunt;

385 1675 427 1706 Et
448 1685 518 1706 cum
541 1686 600 1715 quo
623 1680 723 1709 certet
745 1688 829 1709 mens
849 1680 903 1717 pia
924 1688 1043 1718 semper
1064 1679 1170 1711 habet.

325 1729 370 1766 (5)
391 1730 490 1760 Domi
511 1733 627 1762 coactis
631 1755 708 1765 ......
732 1733 870 1765 viribus.
893 1733 1006 1763 Domus
1028 1742 1082 1771 pro
1114 1733 1210 1763 animi
1233 1733 1323 1771 parte
1343 1741 1393 1770 pe-

260 1770 385 1800 nitiore.
1022 1798 1028 1802 .

324 1812 369 1850 (6)
384 1813 422 1842 Si
436 1814 517 1852 quid
537 1815 682 1851 trecenti,
699 1814 748 1844 his
763 1817 895 1846 novenis
915 1816 1040 1847 additis
1054 1818 1114 1846 etc.
1132 1816 1177 1846 Ut
1192 1815 1267 1846 haec
1283 1816 1394 1853 poetae

260 1853 448 1885 subobscura
471 1856 562 1886 verba
582 1857 723 1895 planiora
737 1857 826 1894 fiant,
843 1867 878 1888 ea
894 1866 973 1894 quae
994 1859 1026 1888 in
1048 1858 1131 1888 calce
1152 1858 1300 1888 editionis
1321 1866 1395 1887 suae

261 1896 366 1925 noster
394 1897 548 1928 Tnnomvs
578 1899 684 1936 posuit
713 1901 883 1937 opportune
911 1900 1096 1930 describam.
1120 1909 1138 1927 κ
1160 1899 1271 1930 Omnes
1299 1897 1395 1929 fermo

260 1937 377 1973 patres,
401 1940 467 1968 tam
491 1940 612 1976 Graeci,
635 1949 728 1978 quam
750 1942 856 1972 Latini
889 1941 921 1970 in
945 1949 1070 1971 numero
1102 1941 1242 1971 hoe·318
1263 1940 1313 1971 vel
1334 1939 1395 1971 300

260 1979 403 2010 rotundo.
420 1982 602 2018 mysterium
617 1983 831 2019 quaesierunt:
849 1992 885 2013 ac
902 1983 948 2012 vei
965 1991 1086 2013 crucem
1109 1990 1279 2020 nomenque
1294 1981 1393 2018 Iesus,

261 2028 295 2048 eo
317 2021 526 2056 significatum
549 2023 645 2054 fuisse
666 2025 792 2062 putant,
818 2024 863 2055 vel
891 2025 1000 2055 Patres
1033 2025 1205 2055 trecentum
1236 2023 1341 2054 decem
1361 2023 1396 2053 et

261 2062 331 2091 octo
353 2063 384 2092 in
406 2063 540 2094 Concilio
562 2066 698 2096 Nic-aeno
712 2067 821 2096 contra.
834 2066 943 2096 Arium
965 2069 1174 2103 congregatos.
1191 2065 1256 2095 Hoc
1271 2065 1393 2103 planum

261 2103 325 2133 est:
349 2105 540 2135 Dominicam
563 2115 633 2137 vero
655 2107 782 2138 Crucem
804 2109 837 2138 et
857 2117 980 2144 nomen,
997 2109 1071 2145 quia
1091 2109 1114 2138 Τ
1136 2115 1279 2145 graecum
1302 2106 1396 2136 habet
