1566 2482
13 2253 33 2482 w**·-·'**,⁹·z-,·*-··'·‘
15 2219 33 2243 ’τ
15 2203 23 2210 ·

421 174 567 212 συππλ
593 182 791 212 sument
816 181 1030 225 eunom
1217 174 1293 214 237

208 291 462 331 Circumstant
478 292 621 332 fasces:
644 292 756 332 simul
775 294 813 332 et
830 305 899 332 sua
918 305 1099 343 quemque
1118 295 1272 334 securis.

206 347 351 385 Rursus
378 357 417 384 se
444 346 606 395 geminis
632 346 755 385 reddit
782 347 998 387 ductoribus
1025 348 1149 388 omnis
1212 350 1290 388 425

208 399 365 438 Publica
390 411 467 447 res,
495 402 533 438 et
552 400 776 440 ‘consulibus
804 401 870 439 dat
896 402 1053 440 condere
1080 401 1213 442 fastos.

209 453 351 491 Ultima
377 454 607 503 sanguineus
632 454 799 493 turbavit
826 455 947 494 saecla
972 456 1145 494 triumvir
1170 456 1237 504 (1).

156 506 347 545 Fluctibus
374 507 434 545 his
461 507 548 546 olim
577 507 709 558 fatum,
739 508 940 555 Geniusve,
970 509 1163 548 animusve

208 561 386 599 Publicus
413 561 573 599 erravit:
604 562 755 599 tandem
784 562 1002 611 deprendere
1028 564 1168 602 rectum

206 614 346 653 Doctus
364 614 448 662 iter,
467 615 580 663 caput
597 617 798 664 augustum
826 616 1032 655 diademate
1059 616 1176 655 cinxit
1205 618 1273 665 (2),

205 667 411 716 Appellans
438 670 580 716 patrem
607 669 763 717 patriae,
793 669 920 717 populi
947 672 1059 719 atque
1086 672 1239 709 senatus

206 721 410 768 Rectorem,
441 722 505 770 qui
533 722 688 760 militiae
716 723 767 761 sit
794 723 937 770 ductor,
969 726 1006 762 et
1033 724 1129 762 idem

206 774 388 822 Dictator,
405 786 604 824 censorque
625 776 759 824 bonus,
780 787 994 825 morumque
1022 777 1202 826 magister
1223 779 1291 826 (3),

205 828 320 866 Tutor
346 839 471 876 opum,
501 829 636 867 vindex
663 830 857 877 scelerum,
887 830 1044 879 largitor
1071 831 1265 870 honorum.

152 880 256 927 Quod
282 881 317 920 si
345 883 401 920 tot
428 893 548 920 rerum
577 883 757 931 gradibus
784 883 893 922 toties
920 885 1077 923 variatis
1211 886 1291 926 435

207 935 395 982 Consiliis,
426 947 535 984 aegre
563 937 712 974 tandem
741 937 908 985 pervenit
935 938 984 975 ad
1011 938 1105 976 illud

204 989 309 1034 Quod
335 989 479 1037 probet,
509 1001 553 1027 ac
582 992 711 1029 sancto
737 991 940 1029 reverentia
966 991 1117 1039 publica
1144 993 1266 1030 servet

205 1042 382 1080 Foedere:
414 1043 504 1090 quid
533 1043 678 1082 dubitat
705 1043 834 1082 divina
861 1055 1058 1093 agnoscere
1086 1045 1183 1093 iura,

205 1096 385 1144 Ignorata
411 1096 516 1144 prius
543 1097 706 1144 sibimet,
735 1097 958 1146 tandemque
984 1100 1150 1137 retecta?

204 1150 413 1196 Gratemur,
443 1149 515 1187 iam
546 1162 621 1189 non
649 1151 817 1198 dubitat3
849 1163 938 1190 nam
966 1152 1116 1191 subdita
1145 1152 1293 1191 Christo

203 1203 322 1241 Servit
349 1204 467 1242 Roma
495 1205 586 1251 Deo,
616 1204 738 1243 cultus
766 1216 877 1244 exosa
903 1205 1057 1254 priores.
1190 1205 1291 1257 [440

205 1258 359 1295 Romam
388 1257 469 1295 dico
497 1257 609 1305 viros,
640 1269 732 1306 quos
759 1260 920 1297 mentem
947 1260 1129 1298 credimus
1156 1260 1275 1307 urbis,

204 1310 289 1349 Non
317 1310 492 1357 Genium,
522 1312 629 1350 cuius
656 1312 796 1351 frustra
825 1313 1022 1352 simulatur
1048 1313 1188 1362 imago.

204 1364 436 1413 Quamquam
455 1376 520 1403 cur
539 1365 696 1404 Genium
719 1368 856 1405 Romae
870 1367 962 1405 mihi
982 1367 1127 1416 fingitis
1146 1370 1291 1405 unum?

205 1418 326 1463 Quum
358 1418 488 1466 portis,
519 1418 704 1465 domibus,
738 1420 908 1467 thermis,
949 1421 1108 1459 stabulis
1140 1420 1292 1459 soleatis

205 1471 416 1519 Adsignare
431 1483 517 1510 suos
533 1472 696 1511 Genios?
710 1484 844 1521 perque
858 1474 984 1512 omnia
1000 1475 1167 1512 membra
1195 1473 1289 1525 [445

208 1523 332 1570 Vrbis,
362 1535 496 1572 perque
522 1525 638 1571 locos,
668 1526 870 1564 Geniorum
898 1527 1018 1565 millia
1045 1528 1165 1566 multa

207 1577 378 1625 Fingere,
400 1589 445 1615 ne
463 1578 613 1626 propria
631 1581 738 1617 vacet
755 1580 918 1628 angulus
937 1580 1039 1619 ullus
1067 1581 1116 1619 ab
1133 1581 1292 1620 umbra?

214 1665 260 1704 (l)
280 1666 485 1704 sanguineus
497 1689 506 1698 .
520 1690 528 1698 .
542 1689 551 1697 .
573 1668 744 1700 tre’mnm'r.
767 1667 975 1706 Sanguineas,
1000 1670 1123 1707 passive
1141 1670 1292 1708 sanguine

152 1716 330 1746 respersus·
352 1716 464 1738 nos=
473 1710 687 1747 εαηφιίηοεο.
703 1722 745 1736 =
758 1710 818 1740 Hic
833 1711 938 1742 active
951 1715 1004 1742 ost
1016 1712 1290 1749 sanguinolentus,

150 1750 311 1786 sanguinis
329 1749 480 1788 cupidus;
504 1753 538 1780 et
558 1751 601 1781 Μ.
632 1751 770 1782 Antonio
796 1753 898 1790 epith.
923 1754 1083 1790 convenit,
1106 1755 1289 1786 teter-rimie

150 1791 391 1830 proscriptionis
411 1793 546 1825 auctoii.

213 1833 259 1871 (2)
269 1834 759 1872 eaputauquatumdiademate
774 1836 894 1866 cinxia
911 1836 953 1866 Vt
977 1845 1082 1867 omnes
1108 1838 1291 1876 incipientis

150 1875 274 1912 imperii
294 1875 468 1912 dignitates
488 1884 550 1906 uno
571 1878 664 1907 verbo
678 1877 806 1908 collatas
827 1878 1087 1916 complecteretur
1101 1879 1215 1910 Caesar
1229 1880 1289 1910 Av-

148 1925 239 1946 cvsn
259 1917 308 1947 est
328 1917 452 1947 nomine
472 1918 617 1949 donatus.
639 1919 675 1949 V.
696 1919 792 1950 Τηι.
824 1920 962 1959 Philipp.
986 1921 1013 1958 1,
1035 1930 1106 1960 cap.
1129 1922 1166 1958 23
1197 1921 1288 1954 szr.

150 1959 207 1988 vit.
229 1957 340 1988 Claud.
362 1958 448 1990 XVI.

214 1999 260 2038 (3)
281 2009 472 2040 morumque
494 2002 664 2040 maqister.
686 2002 837 2039 Migister
859 2012 977 2034 morum
1000 2003 1063 2033 fuit
1091 2003 1219 2034 Censor.
1240 2004 1289 2034 Ad

150 2050 248 2072 moioe
267 2044 389 2072 nostros
413 2044 440 2073 si
463 2051 565 2073 vocem
596 2045 802 2075 accomodare
824 2045 967 2081 velimus,
996 2054 1065 2075 eum
1096 2046 1287 2076 diceremus:

148 2083 203 2113 chi
222 2091 250 2112 s
251 2084 430 2124 ιρναυεῃὶἱα
451 2085 487 2114 αἱ
507 2086 665 2124 oostumu'5
686 2089 720 2117 et
740 2087 857 2117 etiam:
881 2087 908 2117 il
930 2088 1095 2117 nir-eume
1110 2088 1288 2127 spirituale

149 2125 322 2164 epheboei1
322 2126 502 2165 :uiuspia1n.
