<?xml version="1.0" encoding="UTF-8"?>
<!DOCTYPE html PUBLIC "-//W3C//DTD XHTML 1.0 Transitional//EN"
    "http://www.w3.org/TR/xhtml1/DTD/xhtml1-transitional.dtd">
<html xmlns="http://www.w3.org/1999/xhtml" xml:lang="en" lang="en">
 <head>
  <title>
</title>
<meta http-equiv="Content-Type" content="text/html;charset=utf-8" />
  <meta name='ocr-system' content='tesseract 3.04.00' />
  <meta name='ocr-capabilities' content='ocr_page ocr_carea ocr_par ocr_line ocrx_word'/>
</head>
<body>
  <div class='ocr_page' id='page_1' title='image "./operaprud00pruduoft/operaprud00pruduoft_0017.png"; bbox 0 0 1566 2482; ppageno 0'>
   <div class='ocr_carea' id='block_1_1' title="bbox 0 0 925 112">
    <p class='ocr_par' dir='ltr' id='par_1_1' title="bbox 0 0 925 112">
     <span class='ocr_line' id='line_1_1' title="bbox 0 0 925 112; baseline 0 2370"><span class='ocrx_word' id='word_1_1' title='bbox 0 0 925 112; x_wconf 95' lang='lat' dir='ltr'><strong> </strong></span> 
     </span>
    </p>
   </div>
   <div class='ocr_carea' id='block_1_2' title="bbox 209 236 1321 314">
    <p class='ocr_par' dir='ltr' id='par_1_2' title="bbox 209 236 1321 314">
     <span class='ocr_line' id='line_1_2' title="bbox 209 236 1321 314; baseline -0.008 -3"><span class='ocrx_word' id='word_1_2' title='bbox 209 241 492 311; x_wconf 78' lang='lat' dir='ltr'><strong>AVRELll</strong></span> <span class='ocrx_word' id='word_1_3' title='bbox 518 237 899 308; x_wconf 82' lang='lat' dir='ltr'>PRVDENTII</span> <span class='ocrx_word' id='word_1_4' title='bbox 932 236 1321 314; x_wconf 85' lang='lat' dir='ltr'>CLEMENTIS</span> 
     </span>
    </p>
   </div>
   <div class='ocr_carea' id='block_1_3' title="bbox 584 403 946 445">
    <p class='ocr_par' dir='ltr' id='par_1_3' title="bbox 584 403 946 445">
     <span class='ocr_line' id='line_1_3' title="bbox 584 403 946 445; baseline -0.008 0"><span class='ocrx_word' id='word_1_5' title='bbox 584 405 897 445; x_wconf 87' lang='lat' dir='ltr'><strong>APOTHEOSIS</strong></span> <span class='ocrx_word' id='word_1_6' title='bbox 926 403 946 424; x_wconf 88' lang='lat'>*</span> 
     </span>
    </p>
   </div>
   <div class='ocr_carea' id='block_1_4' title="bbox 324 532 1213 725">
    <p class='ocr_par' dir='ltr' id='par_1_4' title="bbox 324 532 1213 725">
     <span class='ocr_line' id='line_1_4' title="bbox 756 532 777 570; baseline 0 0"><span class='ocrx_word' id='word_1_7' title='bbox 756 532 777 570; x_wconf 90' lang='grc' dir='ltr'>Ι</span> 
     </span>
     <span class='ocr_line' id='line_1_5' title="bbox 518 602 1049 664; baseline -0.009 -20"><span class='ocrx_word' id='word_1_8' title='bbox 518 604 724 644; x_wconf 82' lang='lat' dir='ltr'><strong>CONTRA</strong></span> <span class='ocrx_word' id='word_1_9' title='bbox 752 602 1015 641; x_wconf 85' lang='lat' dir='ltr'><strong>HAERESIN</strong></span> <span class='ocrx_word' id='word_1_10' title='bbox 1046 661 1049 664; x_wconf 64' lang='lat'><em>‚</em></span> 
     </span>
     <span class='ocr_line' id='line_1_6' title="bbox 324 673 1213 725; baseline -0.008 -8"><span class='ocrx_word' id='word_1_11' title='bbox 324 678 458 725; x_wconf 80' lang='lat' dir='ltr'><strong>QVAE</strong></span> <span class='ocrx_word' id='word_1_12' title='bbox 488 676 695 716; x_wconf 81' lang='lat' dir='ltr'><strong>PATREM</strong></span> <span class='ocrx_word' id='word_1_13' title='bbox 724 674 918 713; x_wconf 87' lang='lat' dir='ltr'><strong>PASSVM</strong></span> <span class='ocrx_word' id='word_1_14' title='bbox 946 673 1213 712; x_wconf 84' lang='lat' dir='ltr'><strong>ADFIRMAT</strong></span> 
     </span>
    </p>
   </div>
   <div class='ocr_carea' id='block_1_5' title="bbox 199 798 1336 907">
    <p class='ocr_par' dir='ltr' id='par_1_5' title="bbox 199 798 1336 907">
     <span class='ocr_line' id='line_1_7' title="bbox 200 798 1245 850; baseline -0.009 -6"><span class='ocrx_word' id='word_1_15' title='bbox 200 805 366 844; x_wconf 79' lang='lat' dir='ltr'><strong>le&#39;ima</strong></span> <span class='ocrx_word' id='word_1_16' title='bbox 394 805 496 850; x_wconf 81' lang='lat' dir='ltr'><strong>sunt,</strong></span> <span class='ocrx_word' id='word_1_17' title='bbox 528 803 593 841; x_wconf 80' lang='lat' dir='ltr'><strong>sed</strong></span> <span class='ocrx_word' id='word_1_18' title='bbox 619 813 739 850; x_wconf 83' lang='lat' dir='ltr'><strong>pauca</strong></span> <span class='ocrx_word' id='word_1_19' title='bbox 766 801 911 849; x_wconf 85' lang='lat' dir='ltr'><strong>loquar,</strong></span> <span class='ocrx_word' id='word_1_20' title='bbox 942 811 987 837; x_wconf 87' lang='lat' dir='ltr'><strong>ne</strong></span> <span class='ocrx_word' id='word_1_21' title='bbox 1017 799 1098 836; x_wconf 81' lang='lat' dir='ltr'><strong>dira</strong></span> <span class='ocrx_word' id='word_1_22' title='bbox 1126 798 1245 836; x_wconf 85' lang='lat' dir='ltr'><strong>relatu</strong></span> 
     </span>
     <span class='ocr_line' id='line_1_8' title="bbox 199 852 1336 907; baseline -0.007 -10"><span class='ocrx_word' id='word_1_23' title='bbox 199 859 384 907; x_wconf 82' lang='lat' dir='ltr'><strong>Dogmata</strong></span> <span class='ocrx_word' id='word_1_24' title='bbox 411 856 632 896; x_wconf 76' lang='lat' dir='ltr'>catholicam</span> <span class='ocrx_word' id='word_1_25' title='bbox 659 855 847 893; x_wconf 77' lang='lat' dir='ltr'><strong>maculent</strong></span> <span class='ocrx_word' id='word_1_26' title='bbox 867 853 960 891; x_wconf 80' lang='lat' dir='ltr'><strong>male</strong></span> <span class='ocrx_word' id='word_1_27' title='bbox 979 852 1124 901; x_wconf 84' lang='lat' dir='ltr'><strong>prodita</strong></span> <span class='ocrx_word' id='word_1_28' title='bbox 1151 852 1336 901; x_wconf 82' lang='lat' dir='ltr'><strong>linguam.</strong></span> 
     </span>
    </p>
   </div>
   <div class='ocr_carea' id='block_1_6' title="bbox 200 960 1345 1674">
    <p class='ocr_par' dir='ltr' id='par_1_6' title="bbox 200 960 1345 1674">
     <span class='ocr_line' id='line_1_9' title="bbox 241 960 1338 1004; baseline -0.006 -8"><span class='ocrx_word' id='word_1_29' title='bbox 241 967 255 979; x_wconf 74' lang='lat'><strong>⁴⁵</strong></span> <span class='ocrx_word' id='word_1_30' title='bbox 270 965 468 1004; x_wconf 82' lang='lat' dir='ltr'><strong>ApotheosiS‚</strong></span> <span class='ocrx_word' id='word_1_31' title='bbox 486 973 539 995; x_wconf 88' lang='lat' dir='ltr'><strong>seu</strong></span> <span class='ocrx_word' id='word_1_32' title='bbox 561 967 671 1002; x_wconf 70' lang='lat' dir='ltr'><strong>poema</strong></span> <span class='ocrx_word' id='word_1_33' title='bbox 684 963 730 992; x_wconf 83' lang='lat' dir='ltr'><strong>De</strong></span> <span class='ocrx_word' id='word_1_34' title='bbox 741 962 939 998; x_wconf 74' lang='lat' dir='ltr'><strong>Divinitate,</strong></span> <span class='ocrx_word' id='word_1_35' title='bbox 956 961 993 991; x_wconf 86' lang='lat' dir='ltr'><strong>de</strong></span> <span class='ocrx_word' id='word_1_36' title='bbox 1007 969 1066 997; x_wconf 82' lang='lat' dir='ltr'><strong>quo</strong></span> <span class='ocrx_word' id='word_1_37' title='bbox 1082 969 1177 998; x_wconf 81' lang='lat' dir='ltr'><strong>supra</strong></span> <span class='ocrx_word' id='word_1_38' title='bbox 1192 960 1338 996; x_wconf 81' lang='lat' dir='ltr'><strong>diximus,</strong></span> 
     </span>
     <span class='ocr_line' id='line_1_10' title="bbox 200 1002 1340 1046; baseline -0.007 -7"><span class='ocrx_word' id='word_1_39' title='bbox 200 1010 233 1039; x_wconf 89' lang='lat' dir='ltr'><strong>iu</strong></span> <span class='ocrx_word' id='word_1_40' title='bbox 239 1017 295 1039; x_wconf 80' lang='lat' dir='ltr'><strong>sex</strong></span> <span class='ocrx_word' id='word_1_41' title='bbox 300 1006 579 1046; x_wconf 79' lang='lat' dir='ltr'><strong>partesdividitur‚</strong></span> <span class='ocrx_word' id='word_1_42' title='bbox 591 1013 721 1043; x_wconf 86' lang='lat' dir='ltr'><strong>quarum</strong></span> <span class='ocrx_word' id='word_1_43' title='bbox 734 1004 821 1043; x_wconf 87' lang='lat' dir='ltr'><strong>prior</strong></span> <span class='ocrx_word' id='word_1_44' title='bbox 833 1003 943 1034; x_wconf 85' lang='lat' dir='ltr'><strong>statim</strong></span> <span class='ocrx_word' id='word_1_45' title='bbox 956 1003 1047 1033; x_wconf 82' lang='lat' dir='ltr'><strong>nobis</strong></span> <span class='ocrx_word' id='word_1_46' title='bbox 1057 1002 1133 1032; x_wconf 83' lang='lat' dir='ltr'><strong>haec</strong></span> <span class='ocrx_word' id='word_1_47' title='bbox 1145 1003 1294 1037; x_wconf 77' lang='lat' dir='ltr'><strong>occurrit,</strong></span> <span class='ocrx_word' id='word_1_48' title='bbox 1308 1002 1340 1031; x_wconf 89' lang='lat' dir='ltr'><strong>in</strong></span> 
     </span>
     <span class='ocr_line' id='line_1_11' title="bbox 201 1043 1341 1088; baseline -0.006 -7"><span class='ocrx_word' id='word_1_49' title='bbox 201 1059 261 1088; x_wconf 89' lang='lat' dir='ltr'><strong>qua</strong></span> <span class='ocrx_word' id='word_1_50' title='bbox 276 1050 381 1081; x_wconf 76' lang='lat' dir='ltr'><strong>noster</strong></span> <span class='ocrx_word' id='word_1_51' title='bbox 405 1047 564 1079; x_wconf 75' lang='lat' dir='ltr'><strong>subtiliter</strong></span> <span class='ocrx_word' id='word_1_52' title='bbox 586 1049 620 1077; x_wconf 89' lang='lat' dir='ltr'><strong>et</strong></span> <span class='ocrx_word' id='word_1_53' title='bbox 641 1047 732 1077; x_wconf 87' lang='lat' dir='ltr'><strong>docte</strong></span> <span class='ocrx_word' id='word_1_54' title='bbox 753 1043 1016 1077; x_wconf 82' lang='lat' dir='ltr'><strong>Priscillianistas</strong></span> <span class='ocrx_word' id='word_1_55' title='bbox 1040 1044 1151 1075; x_wconf 83' lang='lat' dir='ltr'><strong>Marcii</strong></span> <span class='ocrx_word' id='word_1_56' title='bbox 1178 1044 1341 1075; x_wconf 86' lang='lat' dir='ltr'><strong>cuiusdam</strong></span> 
     </span>
     <span class='ocr_line' id='line_1_12' title="bbox 201 1086 1341 1131; baseline -0.006 -8"><span class='ocrx_word' id='word_1_57' title='bbox 201 1092 330 1131; x_wconf 75' lang='lat' dir='ltr'><strong>Agyptii</strong></span> <span class='ocrx_word' id='word_1_58' title='bbox 346 1091 529 1130; x_wconf 78' lang='lat' dir='ltr'><strong>sectatores,</strong></span> <span class='ocrx_word' id='word_1_59' title='bbox 538 1089 732 1127; x_wconf 86' lang='lat' dir='ltr'><strong>adgreditur.</strong></span> <span class='ocrx_word' id='word_1_60' title='bbox 741 1089 809 1119; x_wconf 78' lang='lat' dir='ltr'><strong>Iam</strong></span> <span class='ocrx_word' id='word_1_61' title='bbox 823 1095 896 1118; x_wconf 87' lang='lat' dir='ltr'><strong>vero</strong></span> <span class='ocrx_word' id='word_1_62' title='bbox 910 1086 1078 1118; x_wconf 81' lang='lat' dir='ltr'><strong>Sabelliani</strong></span> <span class='ocrx_word' id='word_1_63' title='bbox 1094 1086 1176 1117; x_wconf 83' lang='lat' dir='ltr'><strong>hanc</strong></span> <span class='ocrx_word' id='word_1_64' title='bbox 1186 1086 1341 1116; x_wconf 82' lang='lat' dir='ltr'><strong>haeresim</strong></span> 
     </span>
     <span class='ocr_line' id='line_1_13' title="bbox 201 1127 1342 1174; baseline -0.007 -9"><span class='ocrx_word' id='word_1_65' title='bbox 201 1134 440 1174; x_wconf 82' lang='lat' dir='ltr'><strong>profitebantur,</strong></span> <span class='ocrx_word' id='word_1_66' title='bbox 459 1140 552 1162; x_wconf 87' lang='lat' dir='ltr'><strong>unam</strong></span> <span class='ocrx_word' id='word_1_67' title='bbox 574 1132 701 1161; x_wconf 72' lang='lat' dir='ltr'><strong>tantum</strong></span> <span class='ocrx_word' id='word_1_68' title='bbox 723 1131 756 1160; x_wconf 88' lang='lat' dir='ltr'><strong>in</strong></span> <span class='ocrx_word' id='word_1_69' title='bbox 777 1130 841 1160; x_wconf 78' lang='lat' dir='ltr'><strong>Deo</strong></span> <span class='ocrx_word' id='word_1_70' title='bbox 862 1137 1026 1168; x_wconf 80' lang='lat' dir='ltr'><strong>personam</strong></span> <span class='ocrx_word' id='word_1_71' title='bbox 1048 1128 1164 1164; x_wconf 83' lang='lat' dir='ltr'><strong>inesse;</strong></span> <span class='ocrx_word' id='word_1_72' title='bbox 1188 1129 1222 1158; x_wconf 81' lang='lat' dir='ltr'><strong>et</strong></span> <span class='ocrx_word' id='word_1_73' title='bbox 1243 1127 1342 1158; x_wconf 88' lang='lat' dir='ltr'><strong>Deum</strong></span> 
     </span>
     <span class='ocr_line' id='line_1_14' title="bbox 201 1170 1342 1210; baseline -0.006 -4"><span class='ocrx_word' id='word_1_74' title='bbox 201 1176 291 1206; x_wconf 90' lang='lat' dir='ltr'><strong>modo</strong></span> <span class='ocrx_word' id='word_1_75' title='bbox 313 1175 450 1210; x_wconf 76' lang='lat' dir='ltr'><strong>Patrem,</strong></span> <span class='ocrx_word' id='word_1_76' title='bbox 469 1173 558 1204; x_wconf 88' lang='lat' dir='ltr'><strong>modo</strong></span> <span class='ocrx_word' id='word_1_77' title='bbox 578 1172 706 1209; x_wconf 86' lang='lat' dir='ltr'><strong>Filium,</strong></span> <span class='ocrx_word' id='word_1_78' title='bbox 731 1171 889 1203; x_wconf 83' lang='lat' dir='ltr'><strong>interdum</strong></span> <span class='ocrx_word' id='word_1_79' title='bbox 904 1172 1011 1201; x_wconf 82' lang='lat' dir='ltr'><strong>autem</strong></span> <span class='ocrx_word' id='word_1_80' title='bbox 1025 1170 1178 1208; x_wconf 82' lang='lat' dir='ltr'><strong>Spiritum</strong></span> <span class='ocrx_word' id='word_1_81' title='bbox 1193 1170 1342 1201; x_wconf 82' lang='lat' dir='ltr'><strong>Sanctum</strong></span> 
     </span>
     <span class='ocr_line' id='line_1_15' title="bbox 201 1212 1341 1258; baseline -0.005 -10"><span class='ocrx_word' id='word_1_82' title='bbox 201 1217 417 1258; x_wconf 78' lang='lat' dir='ltr'><strong>provarietate</strong></span> <span class='ocrx_word' id='word_1_83' title='bbox 436 1215 502 1247; x_wconf 83' lang='lat' dir='ltr'><strong>eius</strong></span> <span class='ocrx_word' id='word_1_84' title='bbox 514 1215 732 1254; x_wconf 74' lang='lat' dir='ltr'><strong>operationum</strong></span> <span class='ocrx_word' id='word_1_85' title='bbox 750 1214 937 1252; x_wconf 84' lang='lat' dir='ltr'><strong>nuncupari.</strong></span> <span class='ocrx_word' id='word_1_86' title='bbox 956 1213 1055 1243; x_wconf 85' lang='lat' dir='ltr'><strong>Iidem</strong></span> <span class='ocrx_word' id='word_1_87' title='bbox 1068 1212 1195 1251; x_wconf 78' lang='lat' dir='ltr'><strong>insuper</strong></span> <span class='ocrx_word' id='word_1_88' title='bbox 1215 1216 1341 1242; x_wconf 89' lang='lat' dir='ltr'><strong>conten-</strong></span> 
     </span>
     <span class='ocr_line' id='line_1_16' title="bbox 201 1254 1340 1294; baseline -0.007 -3"><span class='ocrx_word' id='word_1_89' title='bbox 201 1261 318 1291; x_wconf 73' lang='lat' dir='ltr'><strong>debant</strong></span> <span class='ocrx_word' id='word_1_90' title='bbox 344 1258 469 1289; x_wconf 87' lang='lat' dir='ltr'><strong>Patrem</strong></span> <span class='ocrx_word' id='word_1_91' title='bbox 491 1265 589 1294; x_wconf 88' lang='lat' dir='ltr'><strong>aeque</strong></span> <span class='ocrx_word' id='word_1_92' title='bbox 610 1265 646 1287; x_wconf 85' lang='lat' dir='ltr'><strong>ac</strong></span> <span class='ocrx_word' id='word_1_93' title='bbox 667 1255 782 1288; x_wconf 84' lang='lat' dir='ltr'><strong>Filium</strong></span> <span class='ocrx_word' id='word_1_94' title='bbox 809 1264 935 1294; x_wconf 84' lang='lat' dir='ltr'><strong>passum</strong></span> <span class='ocrx_word' id='word_1_95' title='bbox 963 1263 1043 1286; x_wconf 86' lang='lat' dir='ltr'><strong>esse.</strong></span> <span class='ocrx_word' id='word_1_96' title='bbox 1059 1254 1104 1285; x_wconf 92' lang='lat' dir='ltr'><strong>Ob</strong></span> <span class='ocrx_word' id='word_1_97' title='bbox 1120 1254 1200 1284; x_wconf 86' lang='lat' dir='ltr'><strong>hanc</strong></span> <span class='ocrx_word' id='word_1_98' title='bbox 1215 1262 1340 1284; x_wconf 83' lang='lat' dir='ltr'><strong>causam</strong></span> 
     </span>
     <span class='ocr_line' id='line_1_17' title="bbox 202 1295 1341 1338; baseline -0.006 -5"><span class='ocrx_word' id='word_1_99' title='bbox 202 1304 235 1333; x_wconf 76' lang='lat' dir='ltr'><strong>S.</strong></span> <span class='ocrx_word' id='word_1_100' title='bbox 256 1301 451 1338; x_wconf 78' lang='lat' dir='ltr'><strong>Augustinus</strong></span> <span class='ocrx_word' id='word_1_101' title='bbox 473 1298 826 1338; x_wconf 62' lang='lat' dir='ltr'><strong>Patr-ipassianos</strong></span> <span class='ocrx_word' id='word_1_102' title='bbox 847 1306 898 1328; x_wconf 87' lang='lat' dir='ltr'><strong>eos</strong></span> <span class='ocrx_word' id='word_1_103' title='bbox 923 1297 1070 1333; x_wconf 83' lang='lat' dir='ltr'><strong>crebrius,</strong></span> <span class='ocrx_word' id='word_1_104' title='bbox 1095 1305 1187 1334; x_wconf 84' lang='lat' dir='ltr'><strong>quam</strong></span> <span class='ocrx_word' id='word_1_105' title='bbox 1214 1295 1341 1327; x_wconf 83' lang='lat' dir='ltr'><strong>Priscil-</strong></span> 
     </span>
     <span class='ocr_line' id='line_1_18' title="bbox 200 1338 1340 1381; baseline -0.004 -7"><span class='ocrx_word' id='word_1_106' title='bbox 200 1342 346 1374; x_wconf 71' lang='lat' dir='ltr'><strong>lianistas</strong></span> <span class='ocrx_word' id='word_1_107' title='bbox 364 1341 539 1381; x_wconf 80' lang='lat' dir='ltr'><strong>appellatos</strong></span> <span class='ocrx_word' id='word_1_108' title='bbox 560 1341 657 1371; x_wconf 83' lang='lat' dir='ltr'><strong>fuisse</strong></span> <span class='ocrx_word' id='word_1_109' title='bbox 678 1341 726 1370; x_wconf 86' lang='lat' dir='ltr'><strong>ait</strong></span> <span class='ocrx_word' id='word_1_110' title='bbox 747 1342 780 1370; x_wconf 87' lang='lat' dir='ltr'><strong>in</strong></span> <span class='ocrx_word' id='word_1_111' title='bbox 799 1339 951 1370; x_wconf 81' lang='lat' dir='ltr'><strong>Tractatu</strong></span> <span class='ocrx_word' id='word_1_112' title='bbox 979 1347 1058 1370; x_wconf 91' lang='lat' dir='ltr'><strong>suo:</strong></span> <span class='ocrx_word' id='word_1_113' title='bbox 1091 1338 1146 1368; x_wconf 83' lang='lat' dir='ltr'><strong>De</strong></span> <span class='ocrx_word' id='word_1_114' title='bbox 1167 1338 1340 1369; x_wconf 79' lang='lat' dir='ltr'><strong>Haeres.</strong></span> 
     </span>
     <span class='ocr_line' id='line_1_19' title="bbox 203 1379 1342 1421; baseline -0.006 -5"><span class='ocrx_word' id='word_1_115' title='bbox 203 1387 241 1416; x_wconf 95' lang='lat' dir='ltr'><strong>N.</strong></span> <span class='ocrx_word' id='word_1_116' title='bbox 272 1385 325 1415; x_wconf 88' lang='lat'><strong>41.</strong></span> <span class='ocrx_word' id='word_1_117' title='bbox 370 1384 567 1415; x_wconf 82' lang='lat' dir='ltr'><strong>Pravitatem</strong></span> <span class='ocrx_word' id='word_1_118' title='bbox 612 1382 938 1421; x_wconf 86' lang='lat' dir='ltr'><strong>Patrispassianorum</strong></span> <span class='ocrx_word' id='word_1_119' title='bbox 984 1380 1104 1412; x_wconf 86' lang='lat' dir='ltr'><strong>iamdiu</strong></span> <span class='ocrx_word' id='word_1_120' title='bbox 1144 1379 1342 1419; x_wconf 89' lang='lat' dir='ltr'><strong>philosophos</strong></span> 
     </span>
     <span class='ocr_line' id='line_1_20' title="bbox 201 1422 1343 1463; baseline -0.006 -5"><span class='ocrx_word' id='word_1_121' title='bbox 201 1427 397 1459; x_wconf 74' lang='lat' dir='ltr'><strong>Chiistiauos</strong></span> <span class='ocrx_word' id='word_1_122' title='bbox 417 1425 596 1456; x_wconf 77' lang='lat' dir='ltr'><strong>confutasse</strong></span> <span class='ocrx_word' id='word_1_123' title='bbox 616 1424 665 1455; x_wconf 78' lang='lat' dir='ltr'><strong>vel</strong></span> <span class='ocrx_word' id='word_1_124' title='bbox 688 1434 707 1454; x_wconf 84' lang='lat' dir='ltr'><strong>a</strong></span> <span class='ocrx_word' id='word_1_125' title='bbox 728 1424 838 1463; x_wconf 86' lang='lat' dir='ltr'><strong>primis</strong></span> <span class='ocrx_word' id='word_1_126' title='bbox 870 1423 1022 1454; x_wconf 83' lang='lat' dir='ltr'><strong>Catholici</strong></span> <span class='ocrx_word' id='word_1_127' title='bbox 1058 1422 1195 1453; x_wconf 81' lang='lat' dir='ltr'><strong>nominis</strong></span> <span class='ocrx_word' id='word_1_128' title='bbox 1225 1423 1343 1460; x_wconf 82' lang='lat' dir='ltr'><strong>tempo-</strong></span> 
     </span>
     <span class='ocr_line' id='line_1_21' title="bbox 204 1463 1344 1507; baseline -0.005 -8"><span class='ocrx_word' id='word_1_129' title='bbox 204 1471 290 1499; x_wconf 89' lang='lat' dir='ltr'><strong>ribus</strong></span> <span class='ocrx_word' id='word_1_130' title='bbox 331 1469 523 1507; x_wconf 83' lang='lat' dir='ltr'><strong>compertum</strong></span> <span class='ocrx_word' id='word_1_131' title='bbox 563 1467 727 1502; x_wconf 79' lang='lat' dir='ltr'><strong>habemus;</strong></span> <span class='ocrx_word' id='word_1_132' title='bbox 758 1475 848 1496; x_wconf 85' lang='lat' dir='ltr'><strong>nemo</strong></span> <span class='ocrx_word' id='word_1_133' title='bbox 875 1467 982 1496; x_wconf 83' lang='lat' dir='ltr'><strong>tamen</strong></span> <span class='ocrx_word' id='word_1_134' title='bbox 1021 1473 1103 1495; x_wconf 92' lang='lat' dir='ltr'><strong>unus</strong></span> <span class='ocrx_word' id='word_1_135' title='bbox 1137 1463 1344 1495; x_wconf 75' lang='lat' dir='ltr'><strong>demirabitur</strong></span> 
     </span>
     <span class='ocr_line' id='line_1_22' title="bbox 204 1505 1343 1545; baseline -0.005 -4"><span class='ocrx_word' id='word_1_136' title='bbox 204 1511 407 1542; x_wconf 84' lang='lat' dir='ltr'><strong>Prudentium</strong></span> <span class='ocrx_word' id='word_1_137' title='bbox 444 1510 501 1540; x_wconf 89' lang='lat' dir='ltr'><strong>sub</strong></span> <span class='ocrx_word' id='word_1_138' title='bbox 523 1509 651 1539; x_wconf 86' lang='lat' dir='ltr'><strong>initium</strong></span> <span class='ocrx_word' id='word_1_139' title='bbox 680 1507 794 1539; x_wconf 80' lang='lat' dir='ltr'><strong>saeculi</strong></span> <span class='ocrx_word' id='word_1_140' title='bbox 823 1508 929 1545; x_wconf 88' lang='lat' dir='ltr'><strong>quinti</strong></span> <span class='ocrx_word' id='word_1_141' title='bbox 957 1507 1071 1538; x_wconf 81' lang='lat' dir='ltr'><strong>iterum</strong></span> <span class='ocrx_word' id='word_1_142' title='bbox 1099 1505 1343 1537; x_wconf 82' lang='lat' dir='ltr'><strong>sabellianorum</strong></span> 
     </span>
     <span class='ocr_line' id='line_1_23' title="bbox 203 1548 1343 1588; baseline -0.005 -5"><span class='ocrx_word' id='word_1_143' title='bbox 203 1553 418 1586; x_wconf 85' lang='lat' dir='ltr'><strong>deliramenta,</strong></span> <span class='ocrx_word' id='word_1_144' title='bbox 440 1551 477 1581; x_wconf 87' lang='lat' dir='ltr'><strong>de</strong></span> <span class='ocrx_word' id='word_1_145' title='bbox 505 1551 710 1581; x_wconf 80' lang='lat' dir='ltr'><strong>orientalibus</strong></span> <span class='ocrx_word' id='word_1_146' title='bbox 732 1550 867 1588; x_wconf 70' lang='lat' dir='ltr'><strong>sumpta,</strong></span> <span class='ocrx_word' id='word_1_147' title='bbox 885 1550 1000 1580; x_wconf 61' lang='lat' dir='ltr'><strong>acriter</strong></span> <span class='ocrx_word' id='word_1_148' title='bbox 1015 1548 1244 1585; x_wconf 82' lang='lat' dir='ltr'><strong>exagitasse‚si</strong></span> <span class='ocrx_word' id='word_1_149' title='bbox 1270 1556 1343 1585; x_wconf 84' lang='lat' dir='ltr'><strong>pau-</strong></span> 
     </span>
     <span class='ocr_line' id='line_1_24' title="bbox 203 1589 1343 1633; baseline -0.004 -9"><span class='ocrx_word' id='word_1_150' title='bbox 203 1595 299 1633; x_wconf 79' lang='lat' dir='ltr'><strong>lisper</strong></span> <span class='ocrx_word' id='word_1_151' title='bbox 320 1592 552 1623; x_wconf 82' lang='lat' dir='ltr'><strong>animadvertat</strong></span> <span class='ocrx_word' id='word_1_152' title='bbox 571 1593 680 1631; x_wconf 76' lang='lat' dir='ltr'><strong>poetae</strong></span> <span class='ocrx_word' id='word_1_153' title='bbox 700 1592 799 1622; x_wconf 87' lang='lat' dir='ltr'><strong>nostri</strong></span> <span class='ocrx_word' id='word_1_154' title='bbox 828 1592 932 1622; x_wconf 78' lang='lat' dir='ltr'><strong>aetate</strong></span> <span class='ocrx_word' id='word_1_155' title='bbox 964 1591 1059 1620; x_wconf 74' lang='lat' dir='ltr'><strong>tilem</strong></span> <span class='ocrx_word' id='word_1_156' title='bbox 1088 1589 1343 1620; x_wconf 83' lang='lat' dir='ltr'><strong>Priscillianista-</strong></span> 
     </span>
     <span class='ocr_line' id='line_1_25' title="bbox 206 1631 1345 1674; baseline -0.005 -8"><span class='ocrx_word' id='word_1_157' title='bbox 206 1644 273 1666; x_wconf 83' lang='lat' dir='ltr'><strong>rum</strong></span> <span class='ocrx_word' id='word_1_158' title='bbox 301 1641 420 1674; x_wconf 82' lang='lat' dir='ltr'><strong>pestem</strong></span> <span class='ocrx_word' id='word_1_159' title='bbox 442 1635 518 1664; x_wconf 84' lang='lat' dir='ltr'><strong>duas</strong></span> <span class='ocrx_word' id='word_1_160' title='bbox 545 1634 632 1664; x_wconf 82' lang='lat' dir='ltr'><strong>brevi</strong></span> <span class='ocrx_word' id='word_1_161' title='bbox 663 1635 799 1671; x_wconf 88' lang='lat' dir='ltr'><strong>tempore</strong></span> <span class='ocrx_word' id='word_1_162' title='bbox 827 1633 995 1671; x_wconf 78' lang='lat' dir='ltr'><strong>Hispanias</strong></span> <span class='ocrx_word' id='word_1_163' title='bbox 1018 1632 1182 1666; x_wconf 77' lang='lat' dir='ltr'><strong>infecisse3</strong></span> <span class='ocrx_word' id='word_1_164' title='bbox 1199 1631 1293 1670; x_wconf 79' lang='lat' dir='ltr'><strong>plane</strong></span> <span class='ocrx_word' id='word_1_165' title='bbox 1308 1631 1345 1661; x_wconf 88' lang='lat' dir='ltr'><strong>ut</strong></span> 
     </span>
    </p>
   </div>
   <div class='ocr_carea' id='block_1_7' title="bbox 140 1677 1343 1726">
    <p class='ocr_par' dir='ltr' id='par_1_7' title="bbox 140 1677 1343 1726">
     <span class='ocr_line' id='line_1_26' title="bbox 140 1677 1343 1726; baseline -0.006 -12"><span class='ocrx_word' id='word_1_166' title='bbox 140 1689 142 1691; x_wconf 83' lang='grc'><strong>’</strong></span> <span class='ocrx_word' id='word_1_167' title='bbox 205 1684 238 1716; x_wconf 87' lang='lat' dir='ltr'><strong>S.</strong></span> <span class='ocrx_word' id='word_1_168' title='bbox 266 1683 476 1713; x_wconf 67' lang='lat' dir='ltr'><strong>Hmnosnrvs</strong></span> <span class='ocrx_word' id='word_1_169' title='bbox 496 1681 659 1712; x_wconf 80' lang='lat' dir='ltr'><strong>infandum</strong></span> <span class='ocrx_word' id='word_1_170' title='bbox 675 1682 813 1712; x_wconf 79' lang='lat' dir='ltr'><strong>istorum</strong></span> <span class='ocrx_word' id='word_1_171' title='bbox 838 1682 1043 1711; x_wconf 85' lang='lat' dir='ltr'><strong>commentum</strong></span> <span class='ocrx_word' id='word_1_172' title='bbox 1074 1677 1279 1726; x_wconf 69' lang='grc' dir='ltr'><strong>κατ’ὲξοχὴν</strong></span> <span class='ocrx_word' id='word_1_173' title='bbox 1293 1678 1343 1708; x_wconf 77' lang='grc' dir='ltr'><strong>1ιί-</strong></span> 
     </span>
    </p>
   </div>
   <div class='ocr_carea' id='block_1_8' title="bbox 204 1725 1347 2144">
    <p class='ocr_par' dir='ltr' id='par_1_8' title="bbox 204 1725 1347 2144">
     <span class='ocr_line' id='line_1_27' title="bbox 204 1725 1342 1770; baseline -0.004 -10"><span class='ocrx_word' id='word_1_174' title='bbox 204 1740 345 1770; x_wconf 76' lang='lat' dir='ltr'><strong>spanam</strong></span> <span class='ocrx_word' id='word_1_175' title='bbox 361 1730 516 1759; x_wconf 77' lang='lat' dir='ltr'><strong>haeresin</strong></span> <span class='ocrx_word' id='word_1_176' title='bbox 538 1737 718 1767; x_wconf 84' lang='lat' dir='ltr'><strong>nuncupare</strong></span> <span class='ocrx_word' id='word_1_177' title='bbox 738 1737 799 1759; x_wconf 92' lang='lat' dir='ltr'><strong>non</strong></span> <span class='ocrx_word' id='word_1_178' title='bbox 811 1728 1014 1758; x_wconf 82' lang='lat' dir='ltr'><strong>dubitaverit.</strong></span> <span class='ocrx_word' id='word_1_179' title='bbox 1030 1727 1081 1766; x_wconf 91' lang='lat' dir='ltr'><strong>(V.</strong></span> <span class='ocrx_word' id='word_1_180' title='bbox 1096 1727 1127 1757; x_wconf 91' lang='lat' dir='ltr'><strong>S.</strong></span> <span class='ocrx_word' id='word_1_181' title='bbox 1139 1725 1342 1765; x_wconf 67' lang='lat' dir='ltr'><strong>Rumon-Ep.</strong></span> 
     </span>
     <span class='ocr_line' id='line_1_28' title="bbox 205 1768 1346 1809; baseline -0.006 -5"><span class='ocrx_word' id='word_1_182' title='bbox 205 1772 343 1808; x_wconf 80' lang='lat' dir='ltr'>CXXVI,</span> <span class='ocrx_word' id='word_1_183' title='bbox 361 1773 401 1802; x_wconf 90' lang='lat' dir='ltr'><strong>N.</strong></span> <span class='ocrx_word' id='word_1_184' title='bbox 430 1772 460 1802; x_wconf 92' lang='lat'><strong>1.</strong></span> <span class='ocrx_word' id='word_1_185' title='bbox 482 1771 559 1802; x_wconf 87' lang='lat' dir='ltr'><strong>edit.</strong></span> <span class='ocrx_word' id='word_1_186' title='bbox 584 1770 709 1809; x_wconf 84' lang='lat' dir='ltr'><strong>Veron).</strong></span> <span class='ocrx_word' id='word_1_187' title='bbox 729 1771 775 1802; x_wconf 91' lang='lat' dir='ltr'><strong>Ut</strong></span> <span class='ocrx_word' id='word_1_188' title='bbox 795 1771 899 1801; x_wconf 84' lang='lat' dir='ltr'><strong>autem</strong></span> <span class='ocrx_word' id='word_1_189' title='bbox 927 1769 1119 1800; x_wconf 81' lang='lat' dir='ltr'><strong>Prudentius</strong></span> <span class='ocrx_word' id='word_1_190' title='bbox 1153 1768 1346 1800; x_wconf 78' lang='lat' dir='ltr'><strong>Sabellianos</strong></span> 
     </span>
     <span class='ocr_line' id='line_1_29' title="bbox 206 1810 1345 1850; baseline -0.006 -4"><span class='ocrx_word' id='word_1_191' title='bbox 206 1815 332 1845; x_wconf 89' lang='lat' dir='ltr'><strong>omnino</strong></span> <span class='ocrx_word' id='word_1_192' title='bbox 353 1814 478 1850; x_wconf 85' lang='lat' dir='ltr'><strong>erroris,</strong></span> <span class='ocrx_word' id='word_1_193' title='bbox 495 1821 554 1850; x_wconf 86' lang='lat' dir='ltr'><strong>quo</strong></span> <span class='ocrx_word' id='word_1_194' title='bbox 583 1813 776 1848; x_wconf 84' lang='lat' dir='ltr'><strong>tenerentur,</strong></span> <span class='ocrx_word' id='word_1_195' title='bbox 804 1812 1011 1846; x_wconf 86' lang='lat' dir='ltr'><strong>insimularet,</strong></span> <span class='ocrx_word' id='word_1_196' title='bbox 1043 1810 1194 1848; x_wconf 82' lang='lat' dir='ltr'><strong>quidquid</strong></span> <span class='ocrx_word' id='word_1_197' title='bbox 1214 1810 1271 1842; x_wconf 86' lang='lat' dir='ltr'><strong>SS.</strong></span> <span class='ocrx_word' id='word_1_198' title='bbox 1287 1810 1345 1840; x_wconf 78' lang='lat' dir='ltr'><strong>Pa-</strong></span> 
     </span>
     <span class='ocr_line' id='line_1_30' title="bbox 207 1851 1344 1893; baseline -0.004 -7"><span class='ocrx_word' id='word_1_199' title='bbox 207 1860 272 1887; x_wconf 81' lang='lat' dir='ltr'><strong>tres</strong></span> <span class='ocrx_word' id='word_1_200' title='bbox 293 1857 327 1887; x_wconf 88' lang='lat' dir='ltr'><strong>et</strong></span> <span class='ocrx_word' id='word_1_201' title='bbox 346 1855 486 1887; x_wconf 88' lang='lat' dir='ltr'><strong>Concilia</strong></span> <span class='ocrx_word' id='word_1_202' title='bbox 512 1855 544 1885; x_wconf 89' lang='lat' dir='ltr'><strong>in</strong></span> <span class='ocrx_word' id='word_1_203' title='bbox 570 1863 622 1885; x_wconf 87' lang='lat' dir='ltr'><strong>eos</strong></span> <span class='ocrx_word' id='word_1_204' title='bbox 643 1854 883 1893; x_wconf 79' lang='lat' dir='ltr'><strong>disputaverant</strong></span> <span class='ocrx_word' id='word_1_205' title='bbox 904 1853 937 1884; x_wconf 91' lang='lat' dir='ltr'><strong>in</strong></span> <span class='ocrx_word' id='word_1_206' title='bbox 963 1861 1027 1884; x_wconf 81' lang='lat' dir='ltr'><strong>rem</strong></span> <span class='ocrx_word' id='word_1_207' title='bbox 1055 1861 1144 1883; x_wconf 82' lang='lat' dir='ltr'><strong>suam</strong></span> <span class='ocrx_word' id='word_1_208' title='bbox 1173 1851 1344 1887; x_wconf 80' lang='lat' dir='ltr'><strong>derivavit.</strong></span> 
     </span>
     <span class='ocr_line' id='line_1_31' title="bbox 208 1892 1343 1936; baseline -0.005 -7"><span class='ocrx_word' id='word_1_209' title='bbox 208 1907 301 1936; x_wconf 87' lang='lat' dir='ltr'><strong>seque</strong></span> <span class='ocrx_word' id='word_1_210' title='bbox 332 1906 490 1928; x_wconf 80' lang='lat' dir='ltr'><strong>sacrarum</strong></span> <span class='ocrx_word' id='word_1_211' title='bbox 522 1896 700 1928; x_wconf 80' lang='lat' dir='ltr'><strong>litterarum</strong></span> <span class='ocrx_word' id='word_1_212' title='bbox 724 1895 916 1927; x_wconf 80' lang='lat' dir='ltr'><strong>luculentum</strong></span> <span class='ocrx_word' id='word_1_213' title='bbox 951 1895 1164 1926; x_wconf 71' lang='lat' dir='ltr'><strong>enarratorem</strong></span> <span class='ocrx_word' id='word_1_214' title='bbox 1192 1892 1343 1925; x_wconf 77' lang='lat' dir='ltr'><strong>ostendit.</strong></span> 
     </span>
     <span class='ocr_line' id='line_1_32' title="bbox 207 1937 1345 1977; baseline -0.004 -7"><span class='ocrx_word' id='word_1_215' title='bbox 207 1939 285 1971; x_wconf 90' lang='lat' dir='ltr'><strong>Illud</strong></span> <span class='ocrx_word' id='word_1_216' title='bbox 313 1940 418 1970; x_wconf 84' lang='lat' dir='ltr'><strong>autem</strong></span> <span class='ocrx_word' id='word_1_217' title='bbox 450 1938 533 1969; x_wconf 71' lang='lat' dir='ltr'><strong>laudi</strong></span> <span class='ocrx_word' id='word_1_218' title='bbox 560 1939 669 1977; x_wconf 59' lang='lat' dir='ltr'><strong>poetae</strong></span> <span class='ocrx_word' id='word_1_219' title='bbox 695 1939 803 1969; x_wconf 86' lang='lat' dir='ltr'><strong>nostro</strong></span> <span class='ocrx_word' id='word_1_220' title='bbox 827 1938 965 1968; x_wconf 82' lang='lat' dir='ltr'><strong>vertitur</strong></span> <span class='ocrx_word' id='word_1_221' title='bbox 979 1959 986 1972; x_wconf 87' lang='lat'><em>,</em></span> <span class='ocrx_word' id='word_1_222' title='bbox 1014 1937 1094 1973; x_wconf 86' lang='lat' dir='ltr'><strong>quod</strong></span> <span class='ocrx_word' id='word_1_223' title='bbox 1126 1937 1345 1973; x_wconf 78' lang='lat' dir='ltr'><strong>argumentum</strong></span> 
     </span>
     <span class='ocr_line' id='line_1_33' title="bbox 208 1977 1347 2020; baseline -0.004 -9"><span class='ocrx_word' id='word_1_224' title='bbox 208 1981 397 2012; x_wconf 77' lang='lat' dir='ltr'><strong>salebrosum</strong></span> <span class='ocrx_word' id='word_1_225' title='bbox 419 1980 460 2011; x_wconf 87' lang='lat' dir='ltr'><strong>iis</strong></span> <span class='ocrx_word' id='word_1_226' title='bbox 492 1983 619 2020; x_wconf 71' lang='lat' dir='ltr'><strong>poeseos</strong></span> <span class='ocrx_word' id='word_1_227' title='bbox 641 1980 812 2011; x_wconf 88' lang='lat' dir='ltr'><strong>luminibus</strong></span> <span class='ocrx_word' id='word_1_228' title='bbox 833 1979 1018 2018; x_wconf 74' lang='lat' dir='ltr'><strong>quandoque</strong></span> <span class='ocrx_word' id='word_1_229' title='bbox 1040 1978 1223 2015; x_wconf 82' lang='lat' dir='ltr'><strong>distinguit,</strong></span> <span class='ocrx_word' id='word_1_230' title='bbox 1246 1977 1347 2014; x_wconf 85' lang='lat' dir='ltr'><strong>iisque</strong></span> 
     </span>
     <span class='ocr_line' id='line_1_34' title="bbox 207 2021 1346 2062; baseline -0.004 -10"><span class='ocrx_word' id='word_1_231' title='bbox 207 2022 391 2053; x_wconf 66' lang='lat' dir='ltr'><strong>difficillimis</strong></span> <span class='ocrx_word' id='word_1_232' title='bbox 421 2022 687 2062; x_wconf 83' lang='lat' dir='ltr'><strong>disputationibus</strong></span> <span class='ocrx_word' id='word_1_233' title='bbox 718 2022 822 2053; x_wconf 81' lang='lat' dir='ltr'><strong>victor</strong></span> <span class='ocrx_word' id='word_1_234' title='bbox 853 2021 1006 2059; x_wconf 82' lang='lat' dir='ltr'><strong>discedit,</strong></span> <span class='ocrx_word' id='word_1_235' title='bbox 1046 2022 1083 2050; x_wconf 89' lang='lat' dir='ltr'><strong>ut</strong></span> <span class='ocrx_word' id='word_1_236' title='bbox 1119 2027 1346 2059; x_wconf 77' lang='lat' dir='ltr'><strong>saepenumero</strong></span> 
     </span>
     <span class='ocr_line' id='line_1_35' title="bbox 209 2061 1346 2100; baseline -0.004 -5"><span class='ocrx_word' id='word_1_237' title='bbox 209 2074 277 2096; x_wconf 80' lang='lat' dir='ltr'><strong>eius</strong></span> <span class='ocrx_word' id='word_1_238' title='bbox 309 2064 449 2095; x_wconf 73' lang='lat' dir='ltr'><strong>carmina</strong></span> <span class='ocrx_word' id='word_1_239' title='bbox 477 2063 687 2095; x_wconf 83' lang='lat' dir='ltr'><strong>lucretianum</strong></span> <span class='ocrx_word' id='word_1_240' title='bbox 719 2064 812 2095; x_wconf 89' lang='lat' dir='ltr'><strong>robur</strong></span> <span class='ocrx_word' id='word_1_241' title='bbox 839 2071 909 2094; x_wconf 84' lang='lat' dir='ltr'><strong>eum</strong></span> <span class='ocrx_word' id='word_1_242' title='bbox 934 2062 1151 2100; x_wconf 81' lang='lat' dir='ltr'><strong>virgilianibus</strong></span> <span class='ocrx_word' id='word_1_243' title='bbox 1179 2061 1346 2092; x_wconf 82' lang='lat' dir='ltr'><strong>veneribus</strong></span> 
     </span>
     <span class='ocr_line' id='line_1_36' title="bbox 209 2105 656 2144; baseline -0.002 -7"><span class='ocrx_word' id='word_1_244' title='bbox 209 2107 397 2144; x_wconf 85' lang='lat' dir='ltr'><strong>coniungere</strong></span> <span class='ocrx_word' id='word_1_245' title='bbox 420 2106 477 2136; x_wconf 83' lang='lat' dir='ltr'><strong>tibi</strong></span> <span class='ocrx_word' id='word_1_246' title='bbox 500 2105 656 2137; x_wconf 82' lang='lat' dir='ltr'><strong>videatur.</strong></span> 
     </span>
    </p>
   </div>
  </div>
 </body>
</html>
