1566 2482
275 144 326 182 90
648 154 800 184 Avitum
834 153 1035 184 Pavonum

275 264 472 302 Incestans
500 264 651 303 miseros
677 264 782 303 foedo
809 264 1050 303 oblectamine
1079 264 1180 304 visus
1194 267 1212 303 P

275 318 355 355 Aut
381 317 462 355 ideo
491 317 651 365 spirant,
680 317 872 366 mediaque
899 329 942 356 ex
971 329 1054 357 arce
1080 318 1220 358 cerebri

275 370 490 408 Demittunt
516 371 686 419 geminas
714 371 857 410 sociata
884 370 1068 410 foramina
1095 383 1220 420 nares,

275 423 326 461 Ut
353 423 457 462 bibat
482 423 688 463 inlecebras
714 424 811 462 male
838 425 1036 464 conciliata
1063 425 1268 473 voluptas?
1337 424 1415 463 315

274 477 374 523 Quas
402 477 633 525 pigmentato
660 477 832 516 meretrix
859 478 949 517 iacit
975 478 1143 526 improba
1176 479 1310 517 crine?

274 530 374 568 Num
402 531 550 578 propter
577 531 715 580 lyricae
743 531 996 570 modulamina
1023 543 1122 570 vana
1149 532 1308 580 puellae,

275 585 553 633 Nervorumque
581 596 705 631 sonos,
736 586 773 623 et
799 585 990 624 convivale
1017 585 1174 624 calentis

275 638 431 675 Carmen
458 638 646 686 nequitiae
676 638 751 687 (1),
781 638 932 686 patulas
961 639 1060 677 Deus
1087 638 1232 677 addidit
1250 640 1390 677 aures?

275 691 417 739 Perque
444 703 665 730 cavernosos
691 692 804 730 iussit
820 694 1013 739 penetrare
1032 693 1177 731 meatus
1337 693 1416 731 320

273 744 385 782 Vocis
411 744 513 782 iter?
541 745 735 793 Numquid
761 745 910 784 madido
938 757 1048 793 sapor
1075 745 1218 784 indItus
1246 745 1302 794 ori

274 797 379 835 Vivit
405 798 451 836 ob
478 798 577 836 hanc-
605 809 792 844 caussam,
822 799 1006 837 medicata
1033 800 1075 837 ut
1102 798 1242 837 fercula
1268 798 1414 847 pigram

274 851 503 899 Ingluviem‚
521 853 761 900 vegetamque
791 851 848 902 (2)
877 852 1005 900 gulam
1021 851 1204 900 ganeonis
1217 851 1417 891 inescent?

274 905 345 942 Per
373 904 496 943 varios
525 907 658 953 gustus
686 905 871 944 instructa
898 907 940 944 ut
966 906 1126 954 prandia
1145 906 1258 945 ducat

273 958 320 995 In
349 959 509 1006 noctem,
542 959 728 1007 lassetque
757 971 910 1007 gravem
939 971 1007 998 sua
1034 959 1188 1008 crapula-
1215 959 1416 1063 ventrfm‘?

273 1063 369 1110 Quid
398 1064 545 1115 durum,
577 1065 667 1114 quid
695 1065 804 1104 molle
831 1066 940 1113 foret,
973 1066 1062 1115 quid
1089 1066 1186 1114 lene,
1217 1065 1308 1114 quid
1332 1066 1415 1104 hor·

1289 1120 1409 1167 [rens‚

271 1170 367 1216 Quid
394 1170 556 1210 calidum
583 1171 792 1220 gelidumve
822 1173 923 1211 Deus
951 1184 1172 1221 cognoscere
1201 1174 1348 1211 nosmet

275 1225 431 1263 Attactu
457 1225 586 1273 voluit,
614 1226 794 1274 palpandi
821 1227 1020 1274 interprete
1047 1239 1173 1265 sensu.

273 1279 326 1315 At
354 1289 421 1316 nos
449 1278 603 1317 delicias
630 1279 855 1327 plumarum,
886 1281 923 1318 et
949 1280 1049 1318 linea
1076 1281 1177 1319 texta

272 1331 492 1380 Sternimus,
521 1333 632 1381 atque
661 1334 796 1380 cutem,
828 1333 945 1372 fulcro
973 1334 1207 1380 attenuante,
1237 1332 1412 1438 polirgius.

274 1437 393 1484 Felix,
424 1437 484 1486 qui
514 1438 673 1478 indultis
701 1439 822 1487 potuit
851 1439 911 1488 (3)
941 1439 1174 1478 mediocriter
1198 1439 1255 1478 uti

271 1491 503 1539 Muneribus,
534 1503 758 1541 parcumque
787 1494 939 1531 modum
966 1505 1118 1531 servare
1146 1493 1313 1532 fruendi!

271 1544 385 1589 Quem
412 1545 576 1593 locuples
604 1547 734 1584 mundi
762 1547 916 1595 species,
947 1548 984 1585 et
1010 1558 1165 1586 amoena
1192 1547 1386 1594 venustas,

335 1686 378 1725 (1)
401 1686 542 1716 Oarmm
564 1688 772 1726 nequitiae...
797 1687 844 1717 Eu
866 1687 986 1718 Musica
1000 1696 1063 1724 ars,
1095 1696 1174 1726 quae
1194 1687 1334 1718 sensibus
1361 1687 1413 1718 ob·

257 1724 424 1757 'leztaudis
445 1729 535 1759 unice
558 1730 680 1759 intenta
701 1731 762 1765 est,
786 1730 986 1766 animamque
1007 1729 1094 1759 humi
1116 1729 1236 1766 defigit.
1254 1729 1416 1767 corruptis

272 1769 421 1807 moribus,
438 1778 499 1800 non
522 1769 648 1800 heroum
671 1771 806 1801 virtutes
839 1771 872 1800 in
904 1771 1015 1809 epuliS,
1037 1771 1092 1801 sed
1113 1770 1153 1801 ad
1169 1771 1275 1800 vinum
1303 1770 1415 1801 diserti

274 1811 356 1840 mort
367 1810 419 1841 iles
439 1812 552 1848 probra
573 1820 711 1849 quaeque
733 1820 842 1842 canere
858 1812 945 1842 soliti
967 1813 1068 1842 erent.

334 1851 382 1891 (2)
409 1853 618 1892 Veqetamque
636 1854 754 1892 qulam
767 1854 926 1892 yaneon-t's
954 1869 996 1875 —
1025 1853 1099 1884 alii:
1130 1854 1325 1892 vetitampce
1351 1863 1415 1892 gyu-

271 1892 350 1923 lam.
379 1893 483 1925 Ganeo
516 1898 565 1925 est
594 1903 645 1932 qul
679 1903 794 1932 ganeas
822 1895 1015 1932 frequentat.
1049 1895 1197 1926 Istiusmo
1207 1895 1231 1924 li
1267 1895 1433 1933 mortales,

271 1934 423 1970 lurcones,
440 1937 577 1972 ventres,
590 1937 778 1972 comedoneS‚
793 1935 938 1967 heluones
954 1937 1084 1967 Romani
1102 1936 1317 1975 appe'labmt;
1345 1945 1414 1974 nos,

272 1984 355 2006 more
380 1978 487 2007 nostro
512 1986 707 2009 vocaremus:
734 1987 781 2008 un
794 1978 950 2014 lec-cardo,
978 1987 1024 2008 un
1050 1979 1239 2015 tavernier-e,
1272 1986 1320 2008 nn
1333 1988 1413 2018 pac-

272 2017 382 2047 chione
399 2018 500 2055 illum,
516 2020 603 2050 cuius
616 2020 690 2051 deus
703 2021 810 2052 venter
821 2021 880 2052 est.
894 2019 1005 2050 Vocem
1018 2020 1154 2051 vidimus
1166 2021 1197 2050 in
1219 2019 1411 2059 Hamartt'y.

273 2067 301 2088 v.
319 2059 391 2089 323.

337 2099 382 2139 (3)
398 2101 494 2131 Felix
509 2103 567 2141 qm*
584 2103 852 2143 indulti-epotam.
867 2103 903 2136 V.
918 2103 949 2133 S.
968 2103 1096 2134 annvn
1112 2103 1156 2133 ad
1171 2102 1368 2140 TimothNI,
1380 2103 1411 2133 8.
