1566 2482
728 46 1063 81 -t‘'‘*:⁵s.‘,21<.1.,''.-
1078 55 1086 70 ³*
1101 49 1131 69 γ’

1116 79 1124 86 ,

272 173 351 213 278
523 161 526 164 ⁴
646 184 799 213 Avnnm
825 183 1027 213 Pavonum

326 292 459 331 Vberis
485 293 596 340 atque
623 291 735 331 famis
764 291 835 330 duo
862 303 927 339 per
955 290 1151 340 septennia
1176 292 1324 340 tempus

326 345 476 384 Instare
491 360 499 383 :
514 346 582 384 hoc
593 345 707 384 solvit
719 345 955 392 Patriarcha,
976 345 1176 393 interprete
1189 345 1336 384 Christo
1346 343 1416 394 (1).

474 451 567 491 VII.
598 451 742 499 Ioseph
770 462 796 489 a
823 449 1020 498 fratribus
1048 451 1212 499 aynitus

274 540 459 580 Venditus
485 539 636 580 insidiis
663 540 822 579 fratrum
849 552 955 589 puer,
985 539 1066 588 ipse
1094 539 1262 585 vicissim

329 595 481 632 Cratera
508 594 548 632 in
575 593 704 633 fratris
731 604 839 632 saeco
868 594 926 642 (2)
955 593 1053 632 clam
1083 593 1267 642 praecipit
1292 592 1396 632 abdi.

327 647 451 696 thue
476 658 558 686 reos
586 647 677 685 furti
703 647 841 695 Ioseph
867 648 984 695 tenet,
1016 647 1141 686 auctio
1168 646 1286 685 fallax
1305 647 1363 695 (3)

327 700 515 748 Proditur‚
531 702 741 749 agnoscunt
750 701 920 748 fratrem,
933 700 1114 749 veniaque
1124 700 1332 748 pudescunt
1343 699 1412 748 (4).

617 808 733 847 VIII.
765 807 883 855 Igmz's
911 807 956 845 in
984 808 1081 846 rubo

275 893 452 932 Sentibus
479 891 686 931 involitans
715 893 815 931 Deus
842 892 978 941 igneus
1006 893 1076 942 (5),
1105 903 1166 931 ore
1193 903 1346 931 corusco

330 946 536 994 Compellat
562 947 748 992 iuvenem,
769 946 913 994 pecoris
939 947 1030 985 tunc
1057 946 1151 985 forte
1178 945 1416 994 magistrum.

330 1000 401 1038 Ille
428 1000 544 1048 capit,
575 1000 715 1046 iussus,
747 1000 904 1048 virgam.
934 999 996 1038 Fit
1023 999 1150 1047 vipera
1177 1000 1298 1048 virga.

327 1053 446 1091 Solvit
470 1053 596 1091 vincla
631 1053 790 1100 pedum:
831 1053 1003 1101 properat
1026 1053 1236 1157 Pharaoni?
1274 1052 1323 1090 ad
1358 1063 1416 1089 ar-

1229 1117 1308 1144 cem
1337 1104 1414 1154 (6).

638 1218 707 1255 ΙΧ.
738 1217 822 1255 Iter
843 1228 919 1270 per
947 1227 1057 1255 mare

275 1306 394 1344 Tutus
422 1306 506 1354 agit
533 1305 589 1343 vir
618 1305 739 1343 iustus
766 1305 851 1351 iter,
880 1304 940 1343 vel
968 1315 1033 1352 per
1061 1315 1162 1343 mare
1190 1315 1384 1353 magnum.

326 1360 423 1398 Ecce
451 1359 521 1398 Dei
547 1358 700 1397 famulis
728 1358 876 1397 scissim
902 1357 999 1396 freta
1026 1358 1140 1396 rubra
1168 1357 1387 1405 dehiscunt,

276 1481 435 1512 Pastores
455 1489 509 1511 seu
533 1481 662 1511 Ickxos.
695 1480 761 1510 Hoc
782 1480 944 1510 Pharaone
965 1481 1140 1519 imperante
1155 1479 1302 1518 Iosephus
1315 1479 1421 1511 Iacobi

277 1522 301 1552 f.
319 1523 406 1559 regni
429 1523 626 1556 administer.
650 1522 801 1552 fratribus
824 1523 857 1551 in
879 1522 1014 1552 caritate
1033 1530 1176 1552 annonae
1190 1522 1330 1552 subsidio
1344 1521 1418 1554 fuit.

341 1564 386 1603 (1)
399 1565 573 1602 interprete
589 1564 733 1594 ΟΙινῐειο.
751 1563 945 1593 intellectum
960 1563 1030 1594 soil.
1054 1564 1236 1593 interiorem
1257 1564 1420 1601 aperiente

277 1604 402 1636 Christo
425 1606 458 1635 in
479 1606 601 1643 Spiritu
622 1605 750 1641 Sancto,
781 1613 840 1642 quo
863 1605 991 1636 inflante
1011 1605 1132 1635 locutos
1160 1613 1226 1636 esse
1254 1605 1422 1644 prophetas

245 1683 247 1687 Ι
276 1647 412 1678 testatur
432 1647 551 1677 Pmavs
573 1647 598 1682 1,
624 1646 674 1677 11.

339 1688 385 1725 (2)
408 1689 445 1717 in
465 1688 588 1725 fratris
609 1697 711 1718 sacco.
728 1687 834 1718 stm„
850 1687 882 1716 in
898 1695 1018 1724 marg.:
1041 1687 1170 1725 farri&
1183 1688 1218 1717 et
1237 1688 1345 1725 farris
1359 1695 1415 1726 pro

277 1730 400 1767 fratris
423 1730 510 1759 varia
530 1729 624 1759 lectio
644 1729 782 1759 occurrit
803 1729 837 1769 iu
858 1729 976 1759 duobus
990 1728 1112 1761 Vaticc.
1129 1744 1172 1751 —
1185 1731 1344 1759 craterem
1360 1737 1417 1767 pro

279 1774 426 1801 craterae
450 1771 568 1801 Vatiae.
592 1779 683 1800 unus.

339 1812 385 1851 (3)
406 1813 515 1842 au-ctio
535 1812 657 1850 fallaae.
682 1811 784 1842 Gom.
806 1811 890 1840 actio
904 1811 1015 1849 fallax
1030 1810 1209 1848 descripsit,
1232 1819 1271 1841 ex
1292 1810 1410 1841 duobus

277 1863 367 1884 m.ss.
389 1853 567 1889 Vaticanis;
592 1854 624 1883 iu
645 1861 775 1890 quorum
798 1861 856 1882 uno
877 1853 986 1883 Glossa
1005 1855 1070 1882 est:
1095 1861 1207 1891 opera.
1230 1851 1290 1882 Sed
1305 1853 1418 1883 auctio

279 1895 395 1933 potior.

342 1937 387 1975 (4)
412 1936 567 1974 veniaque
582 1935 780 1974 pudescunt.
798 1935 833 1964 In
849 1943 908 1965 uno
929 1934 1033 1965 Vatic.
1051 1935 1242 1973 veniamque
1251 1935 1420 1977 petiecugtt

279 1986 335 2015 pro
356 1986 390 2008 eo
412 1977 491 2014 quod
511 1979 560 2007 est
576 1977 752 2015 petissunt,
770 1977 815 2006 vel
828 1979 1008 2015 petessant,
1033 1975 1120 2006 arch.
1137 1975 1246 2007 Glossa
1266 1976 1300 2006 in
1316 1984 1414 2013 marg.

274 2021 427 2057 poscunt.
449 2034 493 2041 -
514 2019 617 2049 stm„
633 2019 790 2055 vanisque
803 2018 996 2056 pudescunt,
1013 2017 1066 2047 ubi
1081 2018 1115 2048 in
1130 2025 1229 2055 marg.
1246 2018 1417 2056 veniaque.

343 2066 388 2103 (5)
413 2065 499 2095 Deus
519 2067 645 2103 iynens.
672 2065 709 2095 V.
732 2056 883 2106 Καθημ.
914 2065 957 2101 Χ,
973 2058 1010 2096 '1.

343 2107 388 2144 (6)
412 2107 602 2136 Pharaonis
622 2107 666 2136 ad
687 2116 807 2137 arcem.
831 2107 879 2136 Ad
899 2107 981 2143 regis
1003 2105 1094 2136 aedes
1116 2105 1289 2144 palatinam
