1566 2482
505 137 849 209 monosticha*
921 155 923 158 ’
1023 170 1026 174 ’
1110 137 1237 209 .1”65τ

79 291 186 340 Quod
210 292 303 331 bene
329 290 526 340 discipulis
553 290 721 340 disponit
744 301 810 330 rex
836 289 1035 332 duodenis,·
1098 287 1100 290 ’

79 346 179 393 Quin
206 346 319 385 etiam
345 346 501 385 totidem
527 356 758 394 gemmarum
783 344 954 394 insignia
979 344 1094 384 textis

77 400 288 439 Parietibus
315 400 494 438 distincta
519 399 676 446 micant,
706 399 925 448 animasque
952 399 1116 438 colorum

77 453 257 493 Viventes
283 453 425 502 liquido
452 453 518 491 lux
544 453 682 492 evomit
709 453 788 491 alta
814 452 1015 502 profundo.

78 507 222 556 Ingens
249 507 501 556 chrysolithus
521 505 596 557 (1),
617 506 745 546 nativo
772 506 960 545 interlitus
988 517 1093 554 auro,
1152 507 1230 546 855

76 561 179 600 Hinc
205 561 280 600 sibi
306 560 526 610 sapphirum
553 560 777 607 sociaverat,
806 560 893 602 inde
912 560 1116 610 beryllum3

77 614 345 664 Distantesque
372 614 472 653 nitor
499 614 642 653 medius
668 614 834 653 variarat
859 615 1033 655 honores.

77 668 153 707 Hic
179 669 382 708 chalcedon
409 668 522 707 hebes
548 668 784 717 perfunditur
811 679 856 706 ex
882 666 1093 718 hyacinthiv

79 722 236 761 Lumine
263 722 410 769 vicin03
441 733 530 760 nam
557 722 652 761 forte
678 733 821 771 cyanea
846 723 996 771 propter

78 776 223 825 Stagna
249 776 348 825 lapis
375 776 551 815 cohibens
578 777 678 815 ostro
706 775 877 825 fulgebat
902 787 1056 825 aquoso.
1152 776 1229 815 860

22 879 24 881 ¹
78 830 342 878 Sardonychen
365 829 534 878 pingunt
559 829 829 879 amethystina,
853 829 981 878 pingit
1006 829 1124 878 iaspis

79 883 262 922 Sardoum
288 882 346 934 (2)
375 885 480 922 iuxta
507 883 734 932 appositum,
764 883 989 932 pulcherque
1014 884 1171 932 topazon
1191 895 1200 918 :

81 937 164 975 Has
191 937 288 975 inter
315 937 455 985 species
489 937 732 986 smaragdina
759 937 929 986 gramine
955 948 1070 975 verno

81 991 197 1029 Prata
223 991 359 1037 virent,
390 990 578 1040 volvitque
604 1002 722 1039 vagos
749 989 814 1029 lux
840 990 995 1029 herbida
1022 990 1173 1029 fluctus.

8 1074 18 1087 ἓ
72 1044 131 1083 fre
149 1055 292 1093 quoque
311 1045 552 1093 conspicuum
570 1045 759 1083 structura
778 1044 968 1083 interserit
986 1045 1122 1082 ardens
1151 1044 1229 1083 865

81 1098 371 1147 Chrysophrase‚
401 1100 440 1136 et
471 1098 575 1137 sidus
602 1098 704 1137 saxis
731 1098 972 1136 stellantibus
1000 1098 1120 1136 addit.

79 1151 267 1190 Stridebat
292 1152 461 1201 gravidis
488 1152 630 1190 funalis
656 1153 833 1190 machina
859 1151 1011 1198 vinclis,

79 1205 291 1244 Immensas
316 1205 468 1254 rapiens
495 1206 575 1244 alta
602 1206 651 1243 ad
677 1205 834 1254 fastigia
862 1204 921 1256 (3)
950 1217 1132 1254 gemmas.

80 1260 134 1297 At
160 1259 290 1298 domus
317 1259 471 1299 interior
498 1260 640 1308 septem
669 1260 829 1298 subnixa
855 1259 1039 1298 columnis

83 1313 260 1361 crystalli
286 1313 449 1362 algentis
475 1313 595 1352 vitrea
621 1313 666 1351 de
692 1324 783 1361 rupe
811 1313 941 1352 recisis
1152 1314 1230 1352 870

82 1366 339 1405 construitur:
370 1368 551 1416 quadrum
579 1366 675 1416 tegit
701 1367 803 1405 edita
827 1366 995 1406 calculus
1022 1367 1154 1406 albens
1189 1370 1193 1374 '

81 1419 130 1457 In
158 1430 294 1458 conum
320 1432 452 1459 caesus
477 1420 618 1469 capita,
648 1421 686 1459 et
713 1420 924 1459 sinuamine
952 1421 1079 1460 subter

81 1473 293 1512 Subductus
318 1474 480 1512 conchae
506 1474 548 1512 in
575 1474 748 1522 speciem,
778 1474 876 1523 quod
900 1474 1003 1512 mille
1029 1474 1186 1513 talentis

81 1526 331 1576 Margaritum
358 1527 508 1576 ingens,
538 1527 742 1576 opibusque
769 1529 806 1566 et
832 1527 1005 1566 censibus
1031 1528 1163 1567 hastae

147 1686 192 1727 (1)
205 1686 469 1727 chrysolithus...
479 1687 556 1718 inde
569 1687 746 1728 beryllum.
761 1687 806 1719 De
825 1688 970 1726 gemmis,
979 1697 1111 1726 quarum
1119 1688 1170 1719 hic
1181 1689 1230 1719 est

24 1755 26 1766 ι
81 1742 211 1779 mentio,
235 1741 334 1772 multa
356 1743 514 1779 congessit
531 1742 645 1774 Srzrn.
663 1742 908 1774 Cnnuunnvs
923 1743 958 1773 in
977 1751 1036 1774 rua
1049 1742 1228 1774 Pnunmu

30 1798 39 1839 ¹¹
79 1794 218 1825 editione
231 1795 378 1827 Parisina
393 1796 434 1826 ad
449 1805 538 1827 usum
553 1797 636 1835 regis
650 1795 815 1834 destinati,
832 1796 873 1827 ad
888 1805 982 1834 quam
997 1795 1128 1827 lectores
1143 1805 1229 1828 meos

81 1848 192 1879 iubebo
215 1849 323 1885 adire;
354 1849 432 1881 illud
471 1851 597 1882 tantum
619 1850 871 1882 animadvertens
891 1850 1028 1889 primam
1060 1851 1146 1882 vocis
1166 1850 1229 1890 syl-

93 1908 188 1938 abam
210 1910 350 1939 nostrum
373 1909 539 1946 breviasse,
565 1919 644 1949 quae
657 1921 767 1950 graece
782 1914 832 1946 est
853 1908 1034 1956 βήρῑλλος.

146 1962 192 2002 (2)
216 1962 392 1999 Sardoum,
409 1964 512 2003 plures
525 1965 618 1997 editt.
636 1984 676 1990 —
697 1968 777 1999 Item
792 1969 994 2000 Sardonium
1015 1970 1117 2001 edidit
1142 1971 1228 2002 Gist-

34 2019 42 2050 ᾖ
82 2016 174 2048 minvs
190 2032 232 2038 —-
263 2016 468 2048 Sardonium
500 2019 650 2052 Hzmsws
681 2030 720 2052 ex
751 2022 856 2054 codice
888 2023 1005 2062 Regi03
1029 2024 1230 2064 eamdemque

82 2068 159 2103 lect.
183 2069 352 2107 Wnrrz1vs,
376 2072 502 2111 tresque
524 2073 646 2106 Vaticc.
669 2076 851 2109 ostendunt.

159 2123 193 2163 3)
216 2124 287 2154 alta
309 2125 354 2155 ad
375 2125 538 2166 fastiqia:
559 2128 629 2160 scil.
653 2129 694 2160 ad
715 2130 848 2162 caelum.
