1566 2482
913 0 940 31 Α
975 0 1103 27 ²5⁷<th
1123 0 1222 34 Wlw.
1278 29 1282 31 Α

1211 34 1242 39 *⁴
1271 39 1275 42 ·
1301 35 1347 50 eg·

318 194 394 233 132
689 207 841 235 Avnnml
867 208 1070 236 PRVDENTII

305 316 417 354 Hanc
442 315 571 363 procul
599 315 679 363 Ira,
709 316 857 355 tumens
885 316 1076 365 spumanti
1103 316 1247 357 fervida
1274 318 1385 368 rictu,

302 369 518 417 Sanguinea
546 369 765 418 intorquens
794 371 935 409 suffuso
961 370 1106 410 lumina
1134 372 1234 419 felle,

305 424 356 461 Ut
383 423 473 461 belli
502 425 684 462 exsortem
713 423 789 474 (1),
820 424 966 472 teloque
994 427 1032 463 et
1058 436 1146 464 voce
1173 426 1341 475 lacessit,
1373 427 1449 467 115

302 477 583 525 Impatiensque
611 489 734 516 morae
762 479 871 516 conto
899 478 1006 526 petit,
1036 478 1205 527 increpat
1231 491 1307 528 orer,

302 531 483 570 Hirsutas
510 531 682 579 quatiens
710 532 860 579 galeato
886 531 927 569 in
955 532 1092 571 vertice
1119 534 1268 572 cristas.

302 606 355 612 —-
384 598 405 620 «
435 585 494 624 En
522 585 590 623 tibi
619 585 769 632 Martis,
801 585 867 631 ait,
896 586 1097 633 spectatrix
1123 587 1240 626 libera
1267 588 1402 636 nostri,

302 639 440 686 Excipe
469 638 700 677 mortiferum
729 650 855 677 securo
880 640 1024 686 pectore
1054 640 1113 689 (2)
1141 641 1301 680 ferrum:

302 693 382 731 Nec
397 692 522 731 doleas
550 692 639 741 quia
653 694 759 741 turpe
780 693 839 742 (3)
860 693 929 731 tibi
956 694 1143 742 gemuisse
1171 695 1374 734 dolorem.»
1394 717 1448 724 -

300 799 359 838 Sic
387 799 456 845 ait,
486 800 524 838 et
551 799 713 838 stridens
741 799 907 848 sequitur
934 800 1104 840 convicia
1130 801 1242 849 pinus
1350 747 1366 801 [

300 854 371 891 Per
396 854 544 891 teneros
570 853 736 901 crispata
764 855 897 901 Notos,
928 856 964 893 et
991 856 1092 893 certa
1120 856 1190 894 sub
1216 855 1339 904 ipsum

299 906 471 945 Defertur
498 907 746 954 stomachum,
776 909 947 956 rectoque
974 908 1149 947 inliditur
1175 909 1275 955 ictu3

300 960 369 998 Sed
397 960 518 998 resilit
545 961 636 999 duro
664 961 799 1000 loricae
827 973 984 1000 excussa
1010 962 1174 1010 repulsu.

298 1013 461 1052 Provida
475 1026 563 1052 nam
578 1015 707 1053 Vittus
721 1016 890 1053 conserto
904 1016 1102 1054 adamante
1117 1016 1277 1055 trilicem
1289 1016 1348 1067 (4)
1367 1017 1441 1055 125

295 1067 476 1105 Induerat
502 1068 655 1106 thoraca
683 1069 861 1116 humeris,
892 1081 1161 1118 squamosaque
1189 1070 1276 1108 ferri

296 1121 412 1159 Texta
439 1132 504 1168 per
531 1122 690 1160 intortos
717 1123 954 1161 commiserat
980 1123 1144 1171 undique
1171 1135 1318 1162 nervos.

294 1174 389 1212 Inde
417 1174 544 1224 quieta
571 1177 697 1213 manet
725 1176 929 1223 Patientia,
961 1177 1068 1216 fortis
1096 1177 1145 1214 ad
1172 1188 1300 1216 omnes

294 1227 465 1266 Telorum
494 1228 653 1276 nimbos,
685 1230 721 1266 et
748 1240 823 1268 non
851 1231 1079 1278 penetrabile
1109 1230 1168 1279 (5)
1198 1231 1352 1270 durans.

295 1282 375 1319 Nec
402 1282 502 1319 mota
531 1283 588 1320 est
614 1282 734 1321 iaculo
762 1284 920 1322 monstri
941 1284 1021 1323 sine
1040 1295 1140 1323 more
1158 1284 1333 1333 furentis,
1363 1284 1439 1324 130

295 1334 499 1383 Opperiens
526 1336 686 1383 propriis
713 1336 918 1384 perituram
945 1338 1087 1376 viribus
1106 1338 1222 1376 Iram.

292 1387 441 1426 Scilicet
467 1388 668 1428 indomitos
696 1391 892 1438 postquam
920 1391 1188 1430 stomachando
1216 1391 1375 1432 lacertos

292 1441 461 1480 Barbara
489 1442 662 1481 bellatrix
689 1443 935 1491 impenderat,
966 1446 1003 1483 et
1029 1444 1232 1484 iaculorum

293 1495 402 1533 Nube
430 1507 696 1543 supervacuam
723 1497 932 1536 lassaverat
957 1498 1065 1537 irrita
1093 1498 1274 1546 dextram,

293 1549 412 1594 Quum
440 1551 596 1588 ventosa
623 1550 696 1589 levi
723 1551 946 1590 cecidissent
971 1552 1047 1591 tela
1074 1552 1216 1599 vola-tu,
1359 1552 1435 1591 135

293 1601 460 1641 lactibus
487 1604 524 1641 et
551 1604 680 1643 vacuis
708 1604 861 1643 hastilia
888 1606 1008 1644 fracta
1036 1606 1219 1644 iacerent:

268 1696 269 1699 Ἴ
293 1655 460 1695 Vertitur
487 1657 535 1694 ad
562 1658 735 1706 capulum
763 1670 896 1698 manus
924 1659 1104 1707 improba,
1126 1661 1163 1698 et
1180 1671 1267 1698 ense
1285 1671 1435 1699 corusco

293 1709 456 1751 Connisa
483 1710 522 1748 in
550 1711 718 1759 plagam,
749 1712 878 1750 dextra
905 1712 1076 1751 sublimis
1103 1714 1152 1751 ab
1179 1725 1265 1752 aure

296 1763 475 1812 Erigitur,
506 1764 739 1812 mediumque
766 1765 853 1803 ferit
879 1766 1018 1804 librata
1045 1767 1246 1806 cerebrum.

294 1818 413 1855 Aerea
440 1817 505 1855 sed
533 1818 667 1866 cassis,
698 1819 802 1857 cocto
831 1819 992 1857 formata
1019 1820 1184 1867 metallo,
1355 1820 1433 1861 140

356 1928 404 1968 (1)
429 1929 504 1959 belli
525 1933 694 1966 exsortem,
719 1931 824 1961 rudem
847 1932 1018 1968 agminum,
1042 1933 1259 1971 pugnandique
1281 1935 1428 1965 nesciam.

355 1971 396 2007 (2)
419 1981 530 2001 securo
550 1975 686 2010 pectore,
709 1981 769 2003 nou
790 1973 937 2009 sollicito,
960 1982 1021 2004 non
1044 1975 1138 2005 anxio
1160 1976 1295 2014 pectore.

355 2012 400 2050 (3)
421 2014 502 2052 quia
524 2017 619 2053 turpe
641 2014 712 2044 tibi.
737 2015 822 2045 Haec
845 2011 1042 2061 εἰρωνεικῶς
1065 2017 1153 2047 dieta
1174 2018 1262 2056 puta.

355 2059 403 2096 (4)
425 2061 579 2091 trilicem.
605 2061 641 2091 V.
665 2062 756 2092 Vma.
781 2063 864 2092 Aen.
888 2062 946 2099 ΙΙΙ,
969 2063 1042 2095 467.

356 2100 404 2139 (5)
427 2111 492 2131 non
509 2103 731 2141 penetrabile:
753 2104 893 2141 adverb.,
909 2113 968 2136 non
983 2106 1196 2143 penetrabilis.
1215 2106 1252 2138 V.
1276 2104 1427 2154 Καθημ.
