1566 2482
525 147 671 209 cozrr'na
703 145 944 207 mmm
1032 153 1038 157 K
1266 165 1344 206 173

200 286 470 328 Litterarum
487 286 751 327 Italicarum
765 297 793 326 a
807 285 994 326 Hieron.
1011 285 1343 331 'ITIRABOSGHIO

201 352 489 404 concinnata,
527 351 628 399 Vol.
657 352 728 404 113
758 353 803 392 et
830 352 879 391 in
907 352 1220 402 compendium
1256 351 1344 392 col-

199 418 294 458 lata
332 418 474 457 multa
515 418 705 458 habebis
746 418 795 457 in
825 417 987 458 Lexico
1016 417 1198 468 gallico:
1217 432 1239 454 «
1257 417 1344 457 Des

199 484 377 524 hommes
417 484 487 534 qui
527 495 570 523 86
610 487 705 523 sont
732 483 830 534 fait
871 495 931 522 un
971 495 1069 523 lnom
1098 497 1135 522 ».
1173 483 1264 523 Par
1291 484 1341 522 F.

198 549 417 602 FELLER‚
446 549 566 589 Tom.
594 548 715 588 VIII
741 570 796 577 —
822 549 948 599 Lyon
977 550 1097 587 1851.

252 616 442 656 Carmen
470 613 709 666 heroicum,
738 614 860 665 quod
888 614 1181 664 Prudentius,
1211 613 1342 655 Chri-

198 680 358 722 stianis
386 680 528 720 Musis
546 681 726 720 omnino
745 680 921 720 afflatus
938 679 1129 721 feliciter
1146 680 1196 719 in
1217 680 1342 731 Sym-

197 746 403 786 machum
430 745 704 797 perscripsit,
733 745 883 785 omnia
901 745 1091 796 pedibus
1112 746 1339 787 manibus-

198 823 285 862 que
325 811 491 851 obnixe
527 811 763 852 facientem
806 811 876 850 uti
919 823 996 851 ara
1034 811 1264 852 Victoriae
1290 812 1340 852 in

197 879 357 918 senatu
385 878 677 929 repararetur,
697 888 895 927 suusque
914 876 1177 918 Vestalibus
1196 878 1341 919 honor

197 943 376 995 rediret,
404 943 493 982 iam
521 942 750 993 despectui
770 942 952 994 habitis,
975 942 1177 993 qualibet
1195 945 1341 985 aetate

197 1008 380 1049 summis
406 1008 620 1048 laudibus
646 1007 739 1047 fuit
765 1008 1062 1060 cumulatum,
1100 1010 1145 1049 et
1173 1009 1341 1050 acutis-

197 1074 311 1114 sima
338 1073 617 1114 eruditorum
654 1073 840 1124 ingenia
877 1074 1088 1114 exercuit.
1126 1074 1338 1116 IVRETVS

196 1152 295 1180 cum
322 1139 506 1190 primis,
549 1141 596 1179 et
622 1139 658 1179 Ι.
687 1139 1000 1180 GRANGAEVS
1042 1145 1150 1180 sunt
1190 1152 1339 1181 recen-

196 1205 338 1256 sendi,
353 1216 465 1256 quos
479 1206 694 1245 memorat
709 1205 744 1244 Ι.
762 1205 815 1244 P.
831 1205 1004 1245 MIGNE
1026 1205 1076 1244 in
1093 1205 1340 1257 Patroloqia

194 1271 356 1310 Latina
382 1269 482 1311 Vol.
511 1271 620 1310 LIX
648 1272 694 1310 et
721 1270 817 1323 LX,
846 1270 1040 1311 Parisiis
1059 1270 1192 1322 edita,
1212 1273 1333 1311 1862.

195 1336 251 1376 In
270 1334 565 1376 recentiorum
592 1336 771 1386 linguas
800 1337 937 1376 etiam
958 1338 1028 1377 est
1055 1349 1335 1389 conversum,

195 1401 417 1452 nobisque
435 1401 566 1441 Italis
594 1401 751 1442 licebit
769 1402 825 1442 ab
854 1402 1085 1442 oblivione
1103 1397 1338 1443 vindicare

196 1467 341 1507 Carol.
379 1466 628 1516 Augustini
658 1467 896 1519 ANSALDI,
925 1467 1095 1508 sodalis
1132 1468 1338 1508 Domini-

195 1531 327 1583 ciani,
356 1532 556 1572 italicam
587 1532 862 1583 eandemque
880 1533 1068 1583 poeticis
1086 1533 1336 1574 luminibus

195 1596 456 1638 distinctam
475 1597 889 1648 interpretationem
900 1627 911 1649 ,
927 1609 1042 1648 quae
1056 1599 1233 1639 saeculo
1247 1599 1335 1639 ela-

193 1673 275 1712 pso
302 1663 509 1703 Venetiis
538 1663 586 1703 in
614 1663 877 1713 pubblicum
905 1664 1076 1714 prodiit
1112 1676 1212 1704 cum
1248 1665 1335 1705 hoc

194 1728 351 1768 titulo:
375 1743 399 1764 «
427 1729 462 1767 Ι
483 1729 561 1768 due
589 1729 688 1768 libri
716 1729 761 1767 di
788 1728 1025 1768 Prudenzio
1054 1732 1195 1769 contro
1226 1730 1334 1769 Sim-

194 1805 311 1833 maco
329 1794 515 1834 tradottz*
532 1795 579 1834 in
597 1795 706 1834 ver8i
734 1794 917 1834 Italiam
945 1795 1018 1834 dal
1043 1795 1093 1834 P.
1117 1795 1177 1835 M.
1208 1796 1334 1836 Oarlo

192 1859 395 1908 Ayoztino
415 1860 653 1911 ANSALDI,
682 1859 978 1899 Domenicano.
1004 1859 1178 1899 Venezia
1194 1872 1333 1911 presso

192 1923 335 1963 Pietro
367 1923 627 1976 Valuasonse,
656 1926 774 1969 1754.
802 1925 852 1964 in
880 1927 906 1965 8
935 1940 972 1965 >›.

213 1987 220 1993 '
246 1988 336 2029 Hic
363 2000 470 2030 vero
498 1990 555 2030 ad
582 1990 916 2031 Prudentianos
944 2002 1101 2032 versus
1130 1991 1179 2030 in
1205 1991 1332 2043 Sym-

192 2054 397 2094 maehum
424 2067 664 2105 properans
691 2055 891 2096 breviter
919 2056 1190 2108 enodandos,
1219 2068 1247 2096 a
1274 2058 1333 2109 te,

192 2119 512 2162 humanissime
537 2121 689 2174 lector,
725 2123 850 2174 peto,
887 2134 945 2162 ne
982 2122 1221 2173 quicquam
1250 2121 1332 2162 Hi-
