1566 2482
0 1871 38 2289 svn-:Jssfwy-,gmwwfrf
0 1726 22 1845 ’ἦ

279 154 332 193 74
491 165 530 193 Α.
561 163 764 200 Pavonum
790 163 831 191 m
857 162 1029 191 mum.
1058 150 1192 190 maur.

271 273 504 322 Animaeque
531 272 649 311 vitam
673 272 757 310 labe
785 270 910 310 carnis
936 272 1081 310 enecat.

273 327 366 366 Caro
393 327 434 365 in
461 337 622 365 sororem
647 326 724 364 tela
751 326 914 364 mentem
940 324 1086 373 dirigit,

273 382 381 419 Mens
407 380 447 418 in
475 380 620 419 cerebro
647 379 853 427 ventilatur
877 378 991 426 ebrio,

271 435 328 472 Ex
356 444 428 482 quo
455 433 596 472 furores
624 433 859 472 succulentos
885 431 1044 481 colligit,

272 487 430 526 Madens
457 498 598 526 veneno
624 486 787 535 corporis
813 486 1056 535 lymphatico.

273 542 392 580 Deum
418 552 616 589 perennem
643 540 755 579 findit
780 539 820 578 in
848 539 939 578 duos
967 540 1069 586 deos,

274 595 399 633 Audet
426 606 549 633 secare
576 605 715 633 numen
741 593 958 632 insecabile.

277 648 386 686 Cadit
412 649 602 696 perempta
630 648 690 697 (1)
720 648 911 696 denegans
936 657 1054 685 unum
1081 645 1223 683 Deum:

276 701 368 740 Cain
395 701 616 750 triumphat,
646 702 762 740 morte
790 700 918 739 fratris
946 699 1085 738 oblitus
1114 699 1191 748 (2).

320 845 366 885 (1)
389 845 488 876 Cadit
500 848 685 886 perempta.
714 846 800 877 Haec
828 845 868 876 ad
901 844 1071 876 Marcionis
1097 851 1247 875 vesanam
1275 842 1412 874 mentem

276 886 466 918 referuntur.
487 903 532 911 --
551 887 704 924 &semna
727 888 761 919 et
781 888 814 918 in
836 887 972 925 vulgatis
998 886 1096 917 editt.
1124 887 1326 925 peremptor.
1353 883 1415 917 Seu

277 937 333 960 nos
354 938 424 959 cum
440 929 575 961 Hmsm
597 930 630 960 et
650 938 740 962 m.ss.
763 929 991 968 probatioribus
1005 930 1178 967 perempta
1199 927 1383 959 retinemus.

320 971 366 1010 (2)
388 974 491 1002 morte
511 972 634 1010 fratris
668 971 800 1002 oblitus.
827 971 991 1002 sturmvs
1013 971 1112 1001 morte
1140 969 1263 1007 fratris
1290 967 1413 999 illitae.

277 1012 371 1043 Multi
392 1013 497 1043 alitus
525 1014 564 1044 ab
595 1013 706 1044 alendo
736 1022 792 1052 pro
820 1013 921 1050 altus,
945 1012 978 1042 id
998 1012 1047 1042 est
1068 1011 1220 1042 nutritus.
1243 1009 1306 1040 Nos
1321 1009 1415 1040 facile

277 1054 393 1088 oblitus
415 1055 646 1094 descripsimus.
