1566 2482
416 181 561 224 mursa
587 181 801 224 srtincur‘
818 182 1035 222 ean-lousa
1115 179 1118 181 ’
1215 178 1294 221 259

205 304 388 345 Palladiis
401 304 499 354 quod
512 304 616 343 farra
629 303 738 352 focis,
763 304 823 343 vel
849 304 947 352 quod
974 302 1084 352 stipis
1111 302 1213 409 ipsisi:
1233 301 1293 395 (11)

204 412 440 462 Virginibus,
469 411 657 461 castisque
683 410 807 451 choris
834 410 1014 449 alimenta
1040 412 1247 460 negentur:

205 466 375 506 Vestales
405 465 465 516 (2)
494 465 616 505 solitis
643 465 862 504 fraudentur
887 465 1073 503 sumtibus
1100 465 1223 514 ignes.

206 520 307 558 Hinc
333 519 388 558 ait
413 520 452 558 et
478 519 623 558 steriles
649 519 861 568 frugescere
887 518 1011 557 rarius
1039 530 1166 567 agros,

205 575 255 612 Et
281 573 427 612 tristem
454 573 596 612 saevire
624 572 776 619 famem,
804 573 997 621 totumque
1023 583 1090 620 per
1117 573 1240 612 orbem

207 627 385 666 Mortales
411 626 550 676 pallere
577 626 722 676 inopes,
753 637 797 665 ac
823 626 934 675 panis
961 637 1114 675 egenos.
1215 627 1293 665 915

205 682 306 728 Quae
333 681 444 719 tanta
470 680 655 720 exstiterit
682 679 871 729 praesenti
897 681 1075 728 tempore,
1105 681 1255 730 tamque

206 734 398 774 Invidiosa
425 734 558 782 fames,
588 746 701 784 quam
728 733 946 782 Triptolemi
974 733 1187 783 Cererisque
1213 735 1276 784 (3)

206 787 366 827 Moverit
391 788 463 837 ira,
493 799 591 836 penu
619 799 685 836 pro
712 787 874 836 virginis
901 787 1131 835 ulciscendo,

205 843 294 880 Non
308 841 459 880 memini
478 842 537 891 (4)
554 857 562 879 :
589 853 658 880 nec
670 841 748 880 tale
763 840 906 890 aliquid
919 840 979 879 vel
993 840 1095 879 fama
1109 843 1292 880 susurrat.

209 894 328 934 Audio
344 907 410 943 per
429 895 586 933 Pharios
605 895 736 934 Nilum
755 895 958 933 discurrere
977 906 1128 943 campos
1139 894 1200 944 (5)
1216 897 1294 934 920

209 950 308 988 More
335 960 418 997 suo,
447 948 650 998 viridisque
677 950 763 987 sata
790 949 967 997 stagnare
996 948 1150 997 Canopi.

206 1003 319 1044 Haud
346 1001 452 1042 venit
478 1014 502 1040 a
529 1002 627 1042 sicco
655 1003 719 1052 qui
746 1002 898 1041 flumine
925 1002 1082 1041 nuntius
1109 1002 1230 1041 adfert

204 1056 375 1094 Ieiunam
403 1056 570 1104 squalere
598 1056 663 1095 siti
689 1056 760 1095 sub
786 1056 937 1104 pulvere
959 1056 1180 1105 Memphim,

206 1110 284 1148 Nec
313 1109 530 1148 Pelusiacae
557 1110 689 1148 limum
717 1110 851 1149 sudare
879 1109 1044 1158 paludis.

205 1164 306 1202 Num
333 1163 417 1203 fons
445 1175 582 1203 arcano
611 1163 672 1215 (6)
701 1166 859 1203 naturae
886 1164 1009 1203 tectus
1036 1165 1162 1212 operto
1217 1164 1295 1201 925

215 1299 261 1337 (1)
284 1297 454 1330 Pa'lladh‘s
468 1300 555 1339 quod
568 1301 668 1339 farra
689 1301 783 1339 focis,
807 1301 857 1331 vel
878 1301 964 1340 quod
977 1302 1076 1340 stipis
1090 1301 1193 1340 ipsis.
1209 1325 1216 1334 .
1229 1325 1236 1334 .
1256 1302 1294 1332 V.

155 1340 239 1387 Περὶ
255 1340 354 1387 {itt-xp.
371 1348 416 1384 ΙΙ,
438 1348 511 1379 511.
535 1364 578 1373 —-
598 1349 720 1388 stipi&
741 1358 796 1387 pro
817 1357 853 1379 eo
875 1348 956 1386 quod
977 1349 1028 1379 est
1047 1350 1161 1389 stipes,
1185 1351 1294 1380 noster

153 1390 208 1427 qui
231 1389 375 1419 ultimam
400 1390 485 1420 vocis
507 1390 580 1430 syn.
604 1390 774 1423 breviavit.

218 1430 267 1470 (2)
294 1431 445 1461 Vestales.
479 1431 523 1461 De
545 1432 664 1463 Vestal.
699 1432 875 1469 virginibus
907 1432 986 1469 lege,
1015 1433 1060 1462 sis
1090 1441 1170 1470 quae
1203 1433 1297 1464 habet

153 1472 421 1503 Monrnvcomvs
441 1473 649 1512 Antiquitat.
672 1474 709 1502 T.
733 1474 759 1506 I.
783 1474 818 1505 L.
843 1474 886 1510 11,
909 1482 979 1512 cap.
1002 1474 1057 1504 IV.

216 1513 262 1552 (3)
289 1513 486 1551 Triptolemi
513 1515 717 1554 Cererisque.
746 1516 958 1554 Triptolemus
986 1515 1081 1546 Celei.
1103 1516 1147 1548 fil.
1178 1517 1298 1548 Cereris

154 1555 302 1586 beneficio
334 1555 461 1585 adiutus
492 1556 715 1593 agriculturam
747 1558 868 1595 primus
900 1557 1048 1588 mortales
1080 1557 1200 1590 docuit.
1230 1558 1296 1590 Cfr.

155 1598 276 1628 me.
298 1596 377 1628 Fab-
400 1596 549 1629 CLXVII.

217 1638 264 1677 (4)
287 1639 361 1668 Non
383 1639 530 1669 memim‘.
553 1639 798 1670 Cusmuannvs
819 1640 956 1670 miratur
983 1640 1190 1670 Prudentium
1221 1641 1297 1672 baec

152 1680 288 1710 scribere
307 1680 462 1718 potuisse.-
483 1680 616 1718 legimus
635 1682 719 1712 enim
742 1682 775 1711 in
789 1682 892 1712 Libris
907 1682 951 1712 De
964 1681 1050 1715 offic.
1066 1683 1126 1719 111,
1143 1692 1211 1722 cap.
1225 1683 1294 1715 VII.

156 1732 175 1752 a
196 1722 229 1753 S.
256 1721 412 1752 Aunnofflo
435 1721 611 1760 exuamus,
632 1723 748 1754 famem
775 1731 844 1754 eam
866 1723 983 1754 Romae
1013 1724 1106 1755 fuisse
1135 1726 1296 1762 vu'gatam

155 1764 246 1802 plane
267 1764 304 1794 ut
324 1772 363 1794 ex
384 1764 459 1795 urbe
487 1764 614 1803 plurimi
643 1765 710 1796 sint
730 1765 949 1796 exterminati.
979 1765 1038 1796 Sed
1053 1768 1159 1797 tamen
1173 1767 1200 1797 si
1224 1767 1298 1798 talis

156 1805 264 1841 fames,
286 1813 326 1835 ex
347 1805 442 1837 eard.
465 1806 600 1837 Benonn
613 1808 773 1838 sententia
788 1816 840 1839 an.
864 1808 1033 1840 occnxxxnI.
1054 1808 1119 1838 vim
1141 1817 1230 1839 suam
1246 1818 1298 1840 ex-

153 1847 267 1883 ercuit,
290 1847 365 1884 quid
387 1848 512 1885 mirum,
535 1849 562 1879 si
584 1858 621 1879 eo
643 1851 782 1887 tempore
804 1849 904 1880 fuerit
923 1850 1080 1880 oblivione
1102 1850 1219 1887 de'eta,
1237 1859 1296 1888 quo

156 1897 263 1920 versus
282 1897 354 1918 suos
374 1889 499 1920 scilicet
519 1890 635 1928 viginti
664 1891 755 1922 annis
782 1892 866 1930 post,
888 1892 922 1922 iu
945 1891 1166 1930 Symmachum
1184 1892 1283 1923 fecit?

217 1930 263 1967 (5)
280 1939 344 1968 per
362 1931 507 1963 Pharios
527 1933 646 1963 Nilum
668 1933 854 1964 discurrere
869 1943 1013 1974 campos.
1030 1934 1091 1964 Per
1105 1933 1294 1973 Aegyptum.

155 1977 192 2009 V.
217 1969 302 2017 Περὶ
318 1969 418 2018 Στεφ.
438 1978 475 2016 V,
499 1979 552 2011 8-2,

217 2019 263 2058 (6)
284 2021 374 2050 Num
395 2021 471 2058 fone
492 2030 627 2053 arcano.
650 2021 736 2053 Vnde
758 2021 850 2053 Nilus
871 2022 975 2052 ortum
997 2022 1140 2059 duxerit,
1170 2022 1203 2052 et
1232 2031 1295 2060 qua

154 2060 192 2091 de
212 2069 319 2098 eausa,
342 2062 438 2093 statis
458 2062 663 2102 temporibus,
686 2063 753 2095 eius
776 2072 876 2101 aquae
891 2072 930 2095 ex
951 2064 1039 2094 alveo
1054 2065 1202 2095 exeuntes
1226 2064 1296 2095 hinc

155 2103 231 2133 inde
252 2111 376 2141 campos
397 2105 566 2142 contegant
586 2106 742 2137 veteribus
757 2106 788 2135 in
804 2106 996 2144 compertum
1012 2105 1180 2140 habebant,
1197 2114 1296 2144 neque

154 2145 235 2176 satis
254 2145 481 2177 recentioribus
502 2148 645 2178 constare
667 2148 768 2180 video.
794 2147 831 2178 V.
856 2147 946 2180 Pmn.
971 2148 1090 2180 Maon.
1122 2147 1238 2185 XVIII,
1263 2149 1296 2186 7,
