1566 2482
323 0 334 6 Α,
349 0 394 11 sua-

271 161 322 198 80
650 170 801 199 Avitum
837 171 1038 200 PRvDEN‘rn

269 279 359 326 Quis
385 280 492 327 regat
519 290 720 327 aequoreas
747 279 901 317 aeterna
927 280 1009 328 lege
1035 281 1245 328 procellas?

269 334 346 371 Ede
373 333 592 371 coheredum
618 332 836 371 distinctum
862 333 921 372 ius
949 334 1193 373 dominorum.
1333 333 1421 374 110-

270 387 389 432 Unus,
421 386 489 433 ait,
518 385 619 424 tristi
645 386 783 424 residet
809 387 981 425 sublimis
1009 387 1050 425 in
1077 399 1175 434 arce,

268 441 407 478 Auctor
434 439 636 487 nequitiae,
668 440 845 477 scelerum
874 441 990 487 Deus,
1021 453 1144 488 asper,
1175 442 1352 491 iniquus:

268 493 337 539 Qui
364 494 618 541 quodcumque
646 493 787 531 malum
814 493 949 532 vitioso
978 495 1094 533 fervet
1121 495 1161 533 in
1190 497 1290 544 orbe,

267 546 383 593 Sevit,
415 549 451 584 et
475 546 640 594 anguino
669 547 857 585 medicans
884 558 981 585 nova
1008 548 1151 588 semina
1178 561 1301 598 succo,

267 602 403 638 Rerum
429 600 654 647 principium
683 600 813 638 mortis
842 601 885 639 de
913 600 1040 641 fomite
1067 602 1197 640 traxit.
1332 603 1408 642 115

267 655 353 701 Ipse
381 653 502 700 opifex
529 653 675 700 mundi,
706 655 858 701 terram,
889 666 1005 702 mare,
1037 656 1160 694 sidera
1187 656 1299 702 fecit3

267 707 439 745 Condidit
465 707 543 755 ipse
572 707 756 745 hommem
790 708 977 746 lutulenta
1003 711 1040 747 et
1073 711 1236 748 membra
1263 711 1404 759 coegit,

267 760 464 808 Effigians,
496 761 593 808 quod
620 761 768 799 morbus
796 761 895 808 edat,
928 763 1024 810 quod
1051 763 1203 801 crimine
1231 764 1348 803 multo

267 814 434 861 sordeat,
466 814 614 852 informi
641 814 806 852 tumulus
834 815 931 863 quod
958 817 1042 854 tabe
1070 817 1246 855 resolvat.

266 867 429 906 Astalii
456 867 610 915 pietatis
638 879 755 914 amor,
785 868 1045 917 placidumque
1074 871 1245 909 medendi
1328 871 1406 911 120

265 921 481 970 Ingenium,
511 933 681 959 recreans
709 922 892 969 homines,
923 923 1096 961 mortalia
1123 924 1291 963 servans.

266 975 506 1012 Testamenta
534 975 605 1011 duo
633 975 821 1013 fluxerunt
849 976 910 1025 (1)
938 976 1106 1024 principe
1133 979 1311 1026 utroque:

264 1028 434 1065 Tradidit
460 1027 531 1065 iste
560 1028 708 1066 Novum
736 1028 885 1075 melior3
917 1030 1044 1068 Vetus*
1062 1030 1158 1068 illud
1185 1033 1353 1071 acerbus.

198 1086 202 1088 ’
264 1081 367 1119 Haec
394 1082 475 1127 tua,
507 1081 692 1128 Marcion,
723 1082 851 1130 gravis
879 1084 915 1120 et
944 1083 1140 1122 dialectica
1166 1096 1239 1123 vox
1258 1087 1337 1124 est:

264 1135 384 1172 Immo
391 1135 482 1172 haec
489 1134 641 1172 attoniti
653 1135 845 1182 phrenesis
855 1135 913 1185 (2)
923 1137 1124 1175 manifesta
1133 1139 1287 1177 cerebri.
1331 1139 1408 1177 125

264 1187 447 1226 Novimus
485 1199 563 1225 esse
601 1190 742 1236 patrem
779 1190 959 1227 scelerum
995 1191 1091 1239 (3):
1135 1192 1202 1230 sed
1237 1192 1409 1231 novimus

1269 1244 1408 1297 [ipsum

263 1294 566 1342 Haudquaquam
594 1307 674 1333 esse
704 1296 844 1342 Deum3
877 1296 967 1344 quin
995 1296 1106 1335 immo
1134 1299 1328 1346 gehennae

262 1347 507 1395 Mancipium,
539 1349 662 1396 stygio
691 1349 754 1396 qui
783 1349 834 1387 sit
862 1350 1097 1389 damnandus
1125 1353 1289 1391 Averno.

262 1401 488 1439 Marcionita
516 1402 632 1449 Deus,
663 1402 800 1449 tristis,
830 1402 946 1451 ferus,
977 1404 1192 1451 insidiator,

263 1455 409 1493 Vertice
438 1455 604 1502 sublimi,
635 1456 799 1493 cinctum
826 1457 885 1494 cui
913 1457 1074 1496 nubibus
1101 1458 1195 1497 atris
1330 1459 1407 1499 130

262 1507 510 1556 Anguiferum
539 1510 653 1556 caput
680 1511 717 1547 et
743 1509 847 1548 fumo
876 1511 1037 1558 stipatur
1065 1513 1102 1549 et
1128 1512 1226 1560 igni,

261 1561 435 1599 Liventes
464 1562 590 1600 oculos
620 1563 803 1601 suffundit
830 1563 916 1602 felle
944 1566 1095 1612 perusto

327 1685 375 1726 (1)
403 1687 611 1717 Testamenta
633 1687 697 1718 duo
716 1690 900 1726 fluoeerunt.
932 1690 1071 1720 Marcion
1100 1690 1197 1721 Vetus
1221 1692 1405 1722 Testamen-
1448 1723 1450 1726 ,

253 1731 333 1757 *tum
355 1728 530 1760 rejiciebat,
555 1734 714 1766 tamquam
732 1739 769 1760 ex
785 1731 847 1761 Deo
868 1731 948 1761 malo
970 1731 1165 1769 profectum3
1190 1732 1319 1762 Novum
1334 1742 1406 1764 vero

265 1771 506 1800 Testamentum
531 1779 567 1800 ex
590 1771 720 1802 libidine
748 1770 882 1803 refinxit.
907 1773 944 1805 V.
978 1774 1131 1805 TERTVLL.
1165 1773 1286 1806 Contra
1315 1774 1407 1805 Mar·

261 1813 396 1847 cionem,
421 1811 491 1842 Lib.
515 1811 539 1845 Ι,
565 1820 592 1842 c.
615 1812 700 1843 XVI.

325 1853 369 1891 (2)
392 1852 578 1883 Phrenesis.
594 1854 735 1892 Insania,
747 1854 831 1885 furor
843 1856 1034 1892 quorundam
1046 1857 1254 1894 aegrotorum,
1267 1866 1286 1888 e
1296 1861 1405 1894 graeco

262 1894 433 1941 φρὲνησις.
459 1895 628 1926 Secundam
646 1897 728 1926 vocis
750 1897 899 1935 syliabam
921 1898 955 1928 et
975 1898 1087 1930 Seven.
1111 1897 1256 1929 Simon.
1289 1899 1318 1936 7,
1349 1899 1403 1936 90,

262 1943 378 1979 a¹iique
401 1944 587 1980 corripuere.

324 1985 367 2022 (3)
385 1989 519 2022 patrem
542 1985 710 2016 scelernm.
736 1986 879 2017 Daemon.
909 1986 959 2024 (V.
981 1987 1071 2018 ΙοΑΝ.
1093 1986 1167 2017 VIII
1181 2009 1188 2022 ‚
1212 1984 1276 2026 44).
1293 1986 1401 2017 Poeta-

263 2034 328 2054 rum
352 2034 434 2056 more
458 2027 622 2056 Daemonis
656 2028 948 2066 prosopographiam
980 2028 1068 2058 nobis
1090 2028 1182 2058 offert
1202 2028 1402 2060 Prudentius.

266 2067 339 2096 vide
361 2067 404 2096 sis
430 2069 460 2097 in
484 2068 563 2098 hanc
596 2077 660 2098 rem
683 2069 718 2098 Τ.
749 2069 884 2106 TAssvm,
913 2069 962 2098 La
979 2070 1218 2103 Gerusalemme
1233 2069 1400 2106 Liberata,

263 2108 365 2144 (Cant.
394 2109 436 2138 IV
458 2110 506 2139 coi
526 2111 696 2139 commenti
718 2110 753 2140 di
776 2111 810 2142 C.
833 2111 1115 2150 ArborioMetla).
