1566 2482
371 172 510 200 comi
539 159 737 203 snnmcm
762 151 977 200 omi-mmm
1165 160 1240 200 241

158 281 352 328 Samnitis,
382 281 604 330 Marsusque
634 280 709 320 levi
735 281 867 320 sudore
894 281 1062 330 gerebat.
1164 280 1242 319 515

159 337 252 375 Tum
278 334 568 385 mastigophoris
598 333 666 382 (1),
697 334 847 383 oleoque
875 337 912 373 et
939 334 1138 384 gymnadis
1165 337 1243 374 arto

161 389 293 428 Vnctis
318 388 525 438 pugilibus,
555 388 663 429 miles
690 389 887 437 pugnabat
914 389 1118 427 Etruscus:

160 444 240 482 Nec
266 444 395 491 petaso
420 441 583 491 insignis
610 443 768 490 poterat,
799 442 1074 480 Lacedaemone
1102 443 1227 490 capta,

161 496 363 535 Mercurius
390 507 535 534 servare
563 507 652 534 suas
679 496 723 534 de
751 495 855 534 clade
882 495 1090 543 palaestras
1121 497 1188 543 (2),

161 549 470 599 Apenninicolam
490 550 545 597 (3)
575 549 735 597 peditem
764 549 956 598 Cybeleius
984 549 1103 587 hostis
1166 550 1244 588 520

160 605 366 652 Congressu
394 602 594 651 excipiens,
623 603 755 642 Asiam
783 603 975 641 defendere
995 605 1034 641 et
1062 603 1170 642 Idam

159 659 230 704 Qui
258 656 394 706 potuit,
424 658 576 705 cogente
604 657 702 695 acies
730 656 770 695 in
797 655 936 705 proelia
964 656 1073 695 Gallo
1094 658 1175 704 (4)?

161 710 305 749 Idalias
331 710 406 749 nisi
433 709 524 749 forte
552 721 672 754 rosas,
702 710 850 748 laurum
878 710 1079 749 citharoedi

161 764 271 803 Vatis
300 765 367 811 (5),
397 763 587 802 silvicolae
615 764 778 803 calamos
807 774 1004 812 arcumque
1031 764 1178 812 puellae

162 818 299 856 Dedere
327 817 491 864 servitio,
521 817 735 865 calcataque
763 829 872 856 sacra
899 817 1046 856 domare
1167 818 1243 857 525

162 871 333 910 Difficilis
359 871 480 919 operis
507 870 594 918 fuit,
626 871 872 919 immensique
898 871 1051 910 laboris.

163 925 356 964 Fluctibus
384 924 552 963 Actiacis
579 925 729 973 signum
757 924 979 973 symphonia
1009 924 1095 963 belli

162 980 332 1027 Aegypto
362 978 528 1025 dederat,
557 978 759 1027 clangebat
786 977 941 1016 buccina
969 979 1113 1017 contra.

162 1032 386 1074 Institeram:
412 1033 544 1070 tenues
572 1032 741 1078 cumbae,
772 1031 996 1080 fragilesque
1023 1031 1131 1070 faseli

162 1087 266 1124 Inter
293 1085 448 1124 turritas
476 1085 720 1133 Memphitica
749 1087 869 1124 rostra
895 1085 1104 1124 Liburnas:
1169 1086 1246 1123 530

160 1139 226 1177 Nil
254 1139 376 1188 potuit
402 1139 550 1188 Serapis
579 1139 685 1186 deus,
717 1140 755 1177 et
780 1139 941 1178 latrator
967 1139 1116 1178 Anubis
1146 1140 1216 1186 (6).

109 1289 250 1326 vagitum
270 1287 392 1326 parvuli
414 1287 471 1318 fllii
494 1287 671 1323 exaudiret,
698 1289 846 1326 tympano
868 1297 923 1318 suo
946 1288 1160 1318 indesinenter
1180 1297 1246 1327 per—

107 1333 262 1372 cuterent,
285 1329 464 1360 inconditos
484 1330 612 1360 bombos
632 1330 760 1360 edentes

171 1377 217 1416 (1)
243 1379 327 1407 Tum
349 1377 615 1417 mastigophoris.
639 1378 751 1408 Servus
766 1378 973 1414 agonothetae
993 1378 1064 1408 erat
1085 1371 1247 1418 μαστίγὸ-

109 1430 216 1464 φορος
231 1425 432 1464 (flagellifer)‚
446 1434 501 1455 seu
517 1425 642 1462 quidam
657 1425 762 1464 lictor,
781 1427 834 1463 qni
851 1426 882 1455 in
896 1426 996 1456 sacris
1011 1426 1245 1456 certaminibus.

110 1466 331 1503 agonothetam
351 1467 577 1503 comitabatur,
600 1467 720 1504 virgam
736 1466 909 1505 praeferens
924 1467 963 1496 ad
984 1467 1110 1497 turbam
1126 1468 1247 1498 submo-

111 1508 254 1542 vendam,
269 1509 303 1538 et
316 1507 518 1538 cohibendum
540 1509 719 1545 strepitum,
741 1510 1014 1547 spectatorumque
1035 1509 1246 1541 insolentiam.

112 1556 136 1584 A
159 1548 282 1595 μάστιξ
306 1555 475 1592 flagellum,
497 1556 530 1585 et
552 1548 645 1595 φέρω
666 1564 752 1592 gero.

173 1598 219 1635 (2)
241 1597 433 1627 Mercurius
453 1606 587 1627 serrare
607 1606 688 1627 suas
703 1597 742 1627 de
757 1597 848 1627 clade
858 1597 1064 1636 palaestras,
1081 1597 1252 1636 Gymnasia

111 1639 265 1668 Mercurio
285 1639 435 1677 Spartani
458 1639 656 1675 dicaverant,
675 1642 712 1669 nt
732 1639 814 1669 artis
834 1639 1040 1678 palaestricae
1062 1640 1197 1670 auctori.

175 1680 221 1718 (3)
243 1681 511 1719 Apenninicolae.
533 1681 688 1719 Apennini
710 1680 829 1711 incolae
844 1681 881 1710 V.
898 1681 990 1711 Vnm.
1007 1680 1085 1713 Aen.
1102 1681 1159 1711 XI.
1175 1682 1249 1712 700.

174 1722 220 1760 (4)
241 1725 367 1760 coyente
387 1723 472 1752 acies
494 1723 531 1752 in
547 1723 678 1762 proelia
701 1722 811 1753 Gallo.
843 1722 921 1753 Galli
952 1723 1043 1753 erant
1070 1722 1250 1753 Sacerdotes

111 1763 251 1801 Cybeles,
273 1763 348 1795 Cum
369 1773 475 1795 omnes
497 1764 529 1794 hi
551 1765 657 1795 essent
678 1764 807 1800 evirati,
822 1763 906 1796 Galli
921 1764 1080 1795 interdum
1095 1766 1252 1803 ponuntur

113 1819 166 1872 gro
187 1811 330 1842 mollibus
362 1812 440 1842 viris
460 1814 494 1842 ct
514 1821 571 1851 pro
603 1812 807 1852 effeminatis,
830 1812 945 1842 nullius
966 1812 1075 1851 pretii.
1104 1812 1142 1842 V.
1167 1804 1252 1852 Περὶ

114 1864 214 1897 μτεφ.
236 1858 277 1891 Χ,
303 1859 374 1891 197.

175 1901 220 1939 (5)
244 1900 373 1930 Idalias
394 1901 463 1931 πίει·
483 1901 567 1937 forte
589 1911 695 1937 rosas,
712 1902 850 1931 laurum
870 1901 1052 1932 etthan-aedi
1073 1901 1165 1931 Vatis
1186 1903 1249 1932 etc.

113 1943 147 1971 Iu
171 1943 275 1972 monte
298 1942 396 1972 ldalin
418 1951 509 1980 prope
523 1942 655 1980 Cyprum
680 1952 770 1973 rosae
784 1946 817 1973 et
838 1943 996 1974 columbae
1023 1946 1116 1972 erant
1141 1943 1250 1972 Veneri

112 1992 230 2019 sacrae,
246 1983 350 2013 laurus
370 1983 524 2021 Aponium
548 1985 706 2015 silvicolae
728 1985 864 2020 Puellae,
887 1985 1009 2015 scilicet
1022 1985 1140 2014 Dianae
1162 1993 1254 2014 vena·
1287 1995 1292 1998 ·

114 2025 187 2055 trici
203 2025 311 2055 calami
334 2027 368 2055 et
388 2033 492 2056 arc-us.

177 2066 225 2105 (6)
246 2067 306 2097 Nil
320 2068 434 2106 potuit
464 2068 599 2106 Serapis
626 2069 718 2102 dens.
742 2071 771 2098 et
804 2069 949 2098 latrator
971 2068 1114 2098 Anubis.
1137 2067 1253 2098 Noster

114 2109 268 2147 corripuit
289 2109 456 2139 secundani
479 2110 615 2148 Serapis
635 2109 779 2141 licenter.

197 2186 234 2217 Α.
259 2187 432 2216 ΡκνυεΝτιι
456 2204 497 2207 -
519 2187 625 2226 Opera
1131 2187 1170 2217 16
