1566 2482
399 173 546 214 00111111
571 172 770 213 srmucm
788 172 1006 213 oamom
1183 160 1269 201 ’191

61 326 73 333 ,
118 287 184 327 ‚Vt
210 285 323 325 semel
336 284 494 331 obsedit
519 283 680 334 gentilia
707 283 856 332 pectora
881 283 1032 331 patrum

183 341 295 380 Vana
321 338 551 387 superstitio,
582 348 656 376 non
685 336 895 385 interrupta
922 336 1086 375 cucurrit

186 394 363 434 Aetatum
390 403 456 441 per
483 391 585 430 mille
612 391 768 439 gradus.
799 391 916 429 Tener
943 390 1088 429 horruit
1115 391 1237 437 heres,

186 449 239 487 Et
263 446 393 493 coluit,
413 445 596 494 quidquid
617 445 631 487 (
637 445 677 494 1)
700 444 850 482 sibimet
863 444 1074 483 venerabile
1089 444 1175 483 cani
1195 445 1272 483 200

185 502 446 550 Monstrarant
471 499 590 538 atavi.
621 499 825 537 Puerorum
851 498 1015 537 infantia
1041 499 1161 547 primo

186 556 358 594 Errorem
385 565 470 592 cum
496 553 593 592 lacte
619 552 738 591 bibit·
770 553 990 601 gustaverat
1016 552 1115 591 inter

124 655 126 657 Ι
187 608 350 658 Vagitus
377 608 422 646 de
449 606 546 645 farre
577 605 636 655 (2)
665 601 808 652 molae;
840 617 932 645 saxa
957 605 1070 644 inlita
1096 606 1190 645 ceris

186 662 356 709 Viderat,
386 661 652 709 unguentoque
678 660 777 698 lares
794 636 1016 698 humescere
1045 660 1173 710 nigros
1194 659 1270 708 (3).

188 717 403 755 Formatum
422 716 452 753 F
455 716 609 753 ortunae
627 713 798 752 habitum
816 725 898 752 cum
919 714 1033 752 divite
1050 725 1180 761 cornu,
1197 714 1274 752 205

184 770 453 821 Sacratumque
481 768 580 806 domi
607 767 771 816 lapidem
799 767 1002 806 consistere
1029 779 1168 816 parvus

184 816 396 871 spectarat,
426 823 654 870 matremque
682 820 760 859 illic
788 821 927 869 pallere
955 823 1183 868 precantem.

187 878 290 924 Mox,
321 875 484 915 humeris
511 875 658 924 positus
687 874 859 921 nutricis,
889 874 996 912 trivit
1023 876 1060 913 et
1086 874 1167 923 ipse

188 929 388 978 Impressis
416 929 561 968 silicem
586 928 719 976 labris,
748 927 907 976 puerilia
933 929 1022 966 vota

188 983 316 1031 Fudit,
347 994 506 1032 opesque
534 982 607 1021 sibi
621 993 730 1022 caesa
744 982 788 1020 de
803 993 893 1031 rupe
916 980 975 1032 (4)
990 981 1175 1031 poposcit:
1197 980 1274 1021 210

134 1145 224 1176 tutus
243 1145 277 1176 et
297 1143 490 1174 inviolabilis
517 1141 761 1173 consecrationis
789 1142 869 1180 lege,
891 1150 951 1180 quo
979 1139 1202 1180 confugiebant
1223 1143 1277 1181 qui

135 1187 240 1217 essent
260 1186 397 1225 periculo
418 1185 545 1220 adfines,
570 1184 649 1215 unde
670 1185 794 1216 extrahi
820 1184 902 1215 nullo
925 1185 1014 1215 modo
1036 1187 1193 1224 poterant.
1218 1186 1279 1216 Ro-

134 1228 237 1259 mulus
268 1228 388 1266 asylum
419 1228 535 1266 primus
568 1227 765 1257 instituerat.
789 1227 827 1258 V.
853 1227 924 1257 Lrv.
948 1227 978 1262 1,
1003 1227 1035 1259 8.
1058 1227 1222 1258 Grsanmvs
1244 1228 1277 1257 in

135 1270 278 1308 margine
300 1269 391 1300 huius
406 1278 512 1300 versus
536 1269 596 1299 196
618 1268 751 1306 glossam
774 1268 878 1306 posuit
899 1267 1131 1299 huiuscemodi:
1155 1279 1173 1298 «t
1196 1269 1278 1299 Ala.

126 1311 223 1343 'terra
243 1312 429 1348 asservavit,
451 1310 567 1341 erroris
587 1318 691 1342 causa.
716 1322 732 1338 »
756 1311 815 1341 Hic
838 1319 911 1340 vero
932 1311 1080 1348 quoniam
1102 1312 1224 1345 occasio
1246 1319 1279 1341 se

123 1355 193 1390 ,dut
211 1353 314 1390 nobis,
336 1353 517 1383 notandum.
535 1353 615 1389 quod
638 1352 797 1383 N1conAvs
818 1352 1084 1383 Tomusavsiure
1105 1353 1233 1391 scripsit
1246 1353 1279 1382 in

137 1395 291 1434 pernobili
313 1394 436 1425 libello:
458 1395 556 1425 Sulla
578 1394 798 1428 Educazione.
814 1394 993 1426 Desidem‘i.
1012 1395 1162 1429 Firenze,
1177 1395 1216 1426 F.
1231 1394 1280 1425 Le

139 1437 303 1472 Momzier,
328 1436 407 1466 1851
426 1446 464 1475 p.
491 1437 564 1471 175,
586 1436 753 1466 absurdum
775 1436 900 1465 omnino
930 1444 996 1466 esse
1017 1438 1194 1467 nostrorum
1217 1445 1279 1466 mo-

138 1486 202 1508 rem
224 1478 343 1516 asylum
372 1478 502 1507 vocandi
533 1477 728 1515 receptacula
752 1477 820 1511 illa,
846 1486 907 1514 quo
943 1477 1062 1515 pueruli
1097 1479 1281 1509 innocentes

141 1520 181 1550 ad
202 1519 374 1558 primordia
394 1518 574 1549 litterarum
595 1519 798 1557 perdiscenda
817 1527 1050 1556 congregamus-

203 1567 248 1606 (1)
270 1567 315 1597 Et
334 1566 450 1603 coluit,
470 1566 670 1605 quidquid...
683 1567 811 1597 Veteres
826 1567 934 1596 Graeci
950 1567 1143 1604 Romanique
1155 1567 1279 1597 deorum

140 1608 304 1645 religiones
314 1617 436 1638 summa
448 1617 524 1638 cura
538 1609 722 1643 servabant;
737 1608 818 1638 1111110
832 1608 908 1638 1111111
924 1609 1074 1639 Isocratis
1088 1609 1277 1640 contritum:

140 1650 225 1696 πρὸς
248 1648 425 1688 νικὸκλεας
448 1650 491 1683 τὰ
515 1649 590 1696 περὶ
613 1649 693 1689 τοὺς
717 1648 824 1688 θεοὺς
837 1647 924 1683 ποίει
950 1649 1020 1696 μὲν,
1038 1649 1089 1690 ὡς
1105 1648 1138 1683 οἱ
1155 1649 1280 1696 πρόγο-

138 1709 191 1732 νοι
214 1696 416 1738 κατέδειξαν.
442 1697 527 1736 Quod
556 1698 679 1736 quidem
708 1699 864 1728 monitum
886 1699 1055 1729 lectoribus
1077 1700 1142 1729 suis
1165 1704 1278 1730 merito

140 1755 194 1784 per
215 1746 416 1776 deridiculum
438 1746 526 1776 dedit
547 1747 759 1784 Laeuii-ms,
782 1746 861 1778 Dio.
885 1747 996 1777 Instit.
1018 1746 1057 1782 V,
1080 1755 1108 1777 0.
1131 1747 1184 1779 29.

204 1793 250 1832 (2)
271 1794 312 1824 de
331 1794 425 1831 fame
445 1794 561 1826 molae.
583 1795 622 1825 V
646 1793 732 1840 Περὶ
755 1792 855 1841 Στεφ.
883 1794 942 1830 111,
976 1794 1046 1826 129.
1061 1811 1104 1817 —
1124 1804 1209 1825 saxa
1230 1795 1280 1825 in-

141 1840 204 1871 lna
225 1842 320 1873 certe.
342 1842 382 1876 V.
404 1843 527 1882 Apoth.
549 1843 625 1874 457.

205 1890 254 1930 (3)
277 1891 390 1924 lares..
383 1916 405 1925 ..
427 1893 758 1932 niyros,1.ares‚sen
789 1893 842 1924 Dii
871 1893 1003 1923 Penates
1031 1893 1158 1931 propius
1180 1891 1281 1922 focum

141 1934 258 1963 servati
279 1932 391 1965 fumosi
414 1935 558 1972 nigrique
574 1936 667 1964 erant
690 1958 698 1966 .
722 1935 812 1965 Haud
828 1935 882 1965 ebs
899 1943 930 1965 re
947 1935 1042 1965 suerit
1063 1935 1101 1964 de
1115 1934 1194 1964 Diis
1216 1934 1283 1964 La-

141 1974 237 2005 ribus
258 1983 335 2013 quae
355 1976 486 2014 scripsit
505 1976 754 2007 muncrum-s
776 1978 808 2007 in
832 1977 989 2006 Nummis
1012 1975 1128 2008 Famil.
1146 1975 1282 2006 Roman.

141 2015 179 2046 T.
200 2016 229 2053 Ι,
252 2026 283 2056 p.
308 2017 360 2048 60.
383 2018 420 2049 V.
443 2019 485 2050 et.
507 2018 633 2050 Annor.
656 2018 716 2056 111,
736 2028 770 2057 p.
793 2019 866 2050 124.

205 2067 251 2106 (4)
272 2077 366 2099 caesa
387 2067 425 2098 do
443 2077 539 2108 rupe.
553 2069 664 2101 Qoism.
685 2078 778 2100 caeca
806 2069 847 2102 de
866 2079 960 2109 rupe.
976 2069 1125 2101 Heinsius
1146 2069 1280 2108 priorem

141 2105 306 2141 lectionem
327 2109 468 2144 mavelit.
