1566 2482
0 1338 23 1516 ‘'WWWJETTTFW
0 1283 21 1331 rt*-
0 1239 24 1274 ,3η
0 1197 24 1233 κχι-
0 1170 14 1187 k*
0 1110 23 1163 τὴν
0 1085 23 1098 2⁸
0 1029 18 1045 1:
0 975 17 1023 ww,

25 1485 27 1487 —
27 1430 30 1431 =
28 1403 34 1415 «Α
26 1377 31 1386 «
26 1325 38 1339 ο,
25 1307 34 1311 z
23 1199 31 1206 -'
31 1182 33 1185 <
27 1158 31 1162 ·
32 1141 35 1143 ,

285 163 374 204 104
654 170 806 202 Avitum
840 150 1061 200 Puvnnmrr

284 284 334 321 Et
361 282 475 331 Regis
503 293 644 329 semper
672 280 833 327 iuvenis,
864 278 1040 328 senioque
1066 277 1230 327 repulso,

286 336 466 375 Divinum
493 336 603 374 decus
631 336 781 373 aeterno
808 333 992 372 servantis
1017 333 1059 371 in
1087 344 1169 379 ore3

286 390 397 428 Malit
425 389 662 436 adulterium,
692 387 796 426 fulvo
824 387 883 437 (1)
900 387 936 425 et
964 398 1002 425 se
1028 398 1178 425 munere
1204 386 1316 425 vilem

287 443 434 481 Vendat
452 442 655 481 nocticolae
674 441 818 489 spurcis
836 440 1087 488 complexibus
1110 439 1199 478 Indi
1228 440 1304 489 (2),
1343 439 1419 477 635

287 498 499 544 Aspernata
527 496 596 534 Dei
614 496 736 534 fusam
763 506 827 542 per
853 493 1011 542 virginis
1039 495 1141 532 artus

288 550 521 599 Progeniem,
554 549 748 597 dulcesque
766 559 903 586 vocans
921 548 962 586 in
980 547 1117 586 fornice
1144 548 1279 590 natos?
1309 547 1368 596 (3)

286 604 410 642 Sentio
430 615 541 652 quam
568 604 698 641 contra
725 603 869 640 moveat
895 601 1052 649 pellacia
1078 601 1205 639 litem:

287 658 364 702 Quo
392 658 499 695 dente
529 657 700 695 obnitens
729 655 880 703 spinosa
908 654 1097 693 calumnia
1124 655 1278 702 pugnet,

287 712 438 758 Nosque
465 710 639 749 lacessito
667 711 772 747 vocet
798 709 846 746 ad
872 708 1079 747 luctamina
1105 719 1205 746 vero.
1325 708 1422 748 ,640

286 764 324 802 Si
344 775 419 802 non
439 764 520 802 vult
547 765 648 802 Deus
668 775 747 801 esse
767 762 922 810 malum,
943 773 1009 800 cur
1036 773 1112 800 non
1140 762 1242 800 vetat
1280 760 1370 810 (4)?

1268 813 1431 865 [inquit.

287 869 354 909 Nil
382 870 507 917 refert,
538 871 665 908 auctor
691 869 818 916 fuerit,
849 869 1041 917 factorque
1071 868 1130 918 (5)
1161 869 1366 906 malorum:

287 926 398 962 Anne
427 936 537 972 opera
563 924 604 961 in
631 923 763 961 vitium
791 922 939 961 sceleris
965 922 1214 969 pulcherrima
1241 921 1350 969 verti,

288 979 408 1024 Quum
434 977 553 1025 possit
579 977 785 1024 prohibere,
817 976 946 1014 sinat?
975 975 1073 1023 quod
1101 975 1134 1013 si
1161 975 1252 1014 velit
1278 986 1407 1014 omnes

287 1032 473 1070 Innocuos
491 1042 600 1079 agere
629 1030 888 1077 Omnipotens,
909 1040 976 1066 nec
995 1029 1126 1066 sancta
1145 1029 1318 1067 voluntas
1346 1029 1422 1067 645

289 1086 511 1133 Degeneret,
542 1084 641 1122 facto
668 1095 736 1121 neo
765 1095 802 1121 se
829 1094 965 1120 manus
993 1082 1165 1130 inquinet
1190 1082 1281 1121 ullo.

290 1138 464 1176 Condidit
481 1149 568 1186 ergo
595 1137 735 1174 malum
754 1136 948 1182 Dominus,
971 1136 1065 1183 quod
1095 1137 1238 1183 spectat
1264 1135 1312 1173 ab
1330 1135 1420 1182 alto,

288 1192 338 1229 Et
364 1191 519 1239 patitur,
549 1191 701 1238 fierique
729 1190 874 1238 probat,
903 1190 1097 1237 tamquam
1123 1189 1202 1237 ipse
1229 1189 1375 1227 crearit.

288 1245 375 1292 Ipse
402 1245 542 1283 creavit
569 1244 680 1290 enim,
713 1244 951 1292 quodbquum
979 1242 1184 1281 discludere
1210 1242 1344 1291 possit,

291 1299 378 1336 Non
398 1298 534 1344 abolet,
555 1298 739 1346 longoque
759 1296 852 1335 sinit
869 1295 1074 1344 grassarier
1093 1295 1153 1347 (6)
1172 1308 1255 1335 usu.
1347 1297 1424 1334 650

290 1353 437 1389 Damna
465 1363 588 1398 aures,
618 1352 730 1389 Pater
764 1351 874 1397 alme,
905 1361 1020 1396 meas,
1052 1351 1089 1387 et
1124 1350 1252 1388 claude
1280 1351 1425 1387 meatus

289 1405 595 1443 Obbrutescentis
622 1404 771 1452 capitis,
802 1416 849 1442 ne
876 1404 1004 1451 pervia
1031 1403 1127 1441 tales

291 1458 484 1506 Concipiat
510 1458 650 1496 flexura
677 1469 811 1496 sonos:
843 1458 900 1496 est
926 1457 1075 1504 perdere
1102 1456 1200 1494 tanti

290 1512 525 1550 Exstinctum
553 1512 651 1550 vitae
679 1511 838 1550 officium
865 1511 909 1548 de
936 1512 1040 1558 parte
1068 1510 1218 1549 cerebri.

353 1690 403 1731 (l)
429 1690 571 1727 fulvom.
597 1698 747 1719 munere:
770 1697 857 1718 auro.
882 1705 922 1710 --
945 1688 1085 1718 stmm.
1103 1689 1211 1725 furvo,
1229 1687 1283 1718 sed
1298 1687 1330 1716 in
1344 1695 1425 1717 mar·
1473 1728 1476 1730 q

292 1733 363 1770 gine
376 1732 476 1769 fulvo·

356 1774 400 1811 (2)
423 1772 635 1803 nocticolae...
659 1772 748 1803 Indi.
772 1771 841 1801 Indi
874 1771 1000 1809 propter
1021 1770 1084 1801 oris
1109 1770 1333 1807 nigritudinem
1354 1769 1426 1800 'dae-

292 1824 397 1845 mones
418 1815 507 1844 dicti.
532 1815 568 1845 V.
593 1818 626 1843 et
646 1822 739 1851 supra
762 1822 792 1842 v.
815 1813 890 1849 498,
915 1813 988 1842 499.

357 1856 401 1895 (3)
423 1865 540 1886 vocans
561 1857 598 1885 in
619 1852 743 1892 fornice
766 1857 869 1886 natos.
894 1854 1048 1891 Intellige:
1073 1854 1161 1883 natos
1184 1854 1216 1882 in
1231 1853 1306 1884 locis
1327 1854 1426 1892 impu·

293 1899 371 1928 ratis
394 1907 412 1927 a
433 1898 626 1935 peccatorum
648 1896 797 1926 foeditate
813 1896 852 1925 ad
865 1904 898 1925 se
918 1895 999 1925 Deus
1021 1895 1139 1925 invitat
1161 1904 1197 1925 ao
1219 1896 1354 1926 revocat.

358 1938 408 1978 (4)
431 1949 492 1969 cur
512 1948 578 1968 non
599 1939 708 1968 vetat?
729 1937 843 1968 Contra¹
863 1937 1052 1967 Marcionem
1076 1937 1143 1967 Lib.
1167 1936 1213 1966 XI
1234 1937 1428 1967 Tssnrvrru-

292 1990 351 2011 st
374 1981 444 2010 huic
466 1979 645 2011 difficultati
666 1980 813 2010 occurrit.

357 2022 404 2062 (5)
426 2023 591 2060 factorque
614 2021 790 2051 malorum.
814 2021 926 2051 Factor
957 2021 1007 2050 ost
1035 2021 1158 2056 aneton
1182 2020 1215 2050 et
1239 2019 1327 2050 (ιο-Μ.
1351 2027 1422 2050 mss·

247 2092 251 2095 ,
294 2064 411 2093 Vaticc.
428 2064 588 2093 lectionem
606 2063 685 2093 hanc
700 2063 870 2093 exhibent:
884 2062 935 2091 alii
953 2063 1138 2100 fautorque,
1155 2061 1234 2099 quod
1250 2062 1350 2091 minus
1365 2062 1424 2092 est.

359 2106 403 2143 (6)
435 2106 643 2143 ψ·ιι,ςεαφ·ἰι’ν.·
667 2115 792 2151 παραγ.
