1566 2482
540 177 546 181 “
606 181 827 209 APOTHEOSIS
1066 196 1071 201 -
1239 171 1289 210 67

146 299 196 337 Et
223 297 374 347 gemina
400 293 528 335 verum
557 295 746 336 Christum
772 295 916 334 ratione
944 297 1094 344 negato.

146 353 247 391 Nam
274 350 364 400 quid
391 350 649 398 magnificum,
681 349 715 388 si
742 360 818 388 non
845 350 904 388 est
930 351 1098 388 mortuus
1125 350 1248 397 Iesus,

147 407 197 444 Et
224 405 347 446 redit?
374 404 449 443 Illa
476 404 545 442 Dei
572 403 691 443 viltas
719 403 970 442 memorabilis
997 404 1068 451 est,
1089 404 1132 442 ut

147 459 301 499 Occisus
328 459 455 497 redeat
482 457 643 506 superis,
673 459 875 506 surgatque
904 457 1088 505 sepultus.
1185 456 1291 495 1060

146 513 308 561 Quisque
336 513 455 550 Deum
483 511 674 550 Christum
701 511 785 549 vult
812 510 947 558 dicere,
970 511 1071 552 dicat
1093 511 1263 549 eumdem

147 567 238 605 Esse
267 566 467 611 hominem,
499 577 545 603 ne
573 565 752 603 maiestas
781 575 850 602 sua
877 564 990 603 fortia
1016 564 1162 612 perdat.

148 621 272 658 Nosco
289 631 411 658 meum
430 619 470 657 in
489 618 637 658 Christo
656 629 788 666 corpus
806 629 1028 667 consurgere
1044 617 1119 668 (1).
1130 618 1226 665 Quid
1235 630 1291 656 me

148 675 352 721 Desperare
381 673 514 711 iubes?
542 672 704 719 veniam,
735 671 870 720 quibus
898 672 960 710 ille
987 672 1147 710 revenit-

149 727 301 766 Calcata
319 727 363 765 de
382 724 497 765 moite
516 726 602 774 viis,
625 726 723 775 quod
740 725 939 773 credimus,
960 725 1030 764 hoc
1048 727 1124 764 est:
1149 726 1156 733 ⁴
1186 724 1289 763 1065

148 782 197 819 Et
214 781 315 819 totus
328 780 490 819 veniam.
511 780 590 819 Nec
609 779 708 818 enim
729 778 791 829 (2)
808 779 942 827 minor,
965 780 1030 817 aut
1044 779 1142 818 alius
1161 790 1274 827 quam

149 835 259 872 Nunc
274 846 369 881 sum,
387 834 575 872 restituar.
598 833 749 880 Vultus,
772 833 892 881 vigor,
914 835 952 871 et
969 833 1067 872 color
1085 833 1196 880 idem,

149 888 219 933 Qui
239 888 345 927 modo
372 887 480 934 vivit,
503 887 573 925 erit
593 887 677 936 (3):
700 898 767 925 nec
785 899 842 932 me
871 887 930 925 vel
957 887 1064 926 dente
1091 887 1150 925 vel
1167 898 1293 936 ungue

151 942 378 980 Fraudatum
406 942 567 979 revomet
593 940 771 989 patefacti
798 940 900 979 fossa
928 940 1100 988 sepulcri.

150 995 220 1041 Qui
235 995 337 1033 iubet
350 996 393 1033 ut
406 995 567 1041 redeam,
585 1006 660 1032 non
674 994 802 1032 reddet
817 994 934 1032 debile
949 993 1167 1042 quidquam3
1189 994 1292 1032 1070

149 1050 250 1087 Nam
278 1048 311 1087 si
339 1048 511 1086 debilitas
539 1048 649 1095 redit,
680 1047 902 1086 instauratio
930 1059 1006 1086 non
1034 1049 1103 1086 est.

149 1103 373 1149 Quodcasus
391 1102 530 1150 rapuit,
544 1102 642 1150 quod
660 1102 823 1149 morbus,
842 1101 939 1150 quod
953 1101 1054 1140 dolor
1067 1101 1195 1139 hausit
1215 1101 1291 1151 (4),

149 1156 253 1202 Quod
278 1156 469 1194 truncavit
496 1155 589 1193 edax
617 1155 776 1203 senium,
798 1155 998 1203 populante
1018 1157 1182 1202 veterno,

151 1210 269 1248 Omne
295 1209 495 1247 revertenti
521 1211 694 1257 reparata
722 1209 762 1247 in
789 1209 954 1247 membra
980 1209 1129 1248 redibit.

154 1264 268 1301 Debet
286 1262 386 1301 enim
405 1274 503 1301 mors
521 1263 621 1301 victa
639 1263 764 1309 fidem,
786 1275 832 1301 ne
851 1262 981 1301 fraude
1000 1262 1159 1311 sepulcri
1189 1261 1292 1301 1075

150 1317 297 1355 Reddat
323 1318 469 1355 curtum
496 1316 662 1365 aliquid3
694 1316 864 1365 quamvis
892 1316 967 1354 iam
995 1318 1101 1354 curta
1128 1316 1268 1355 vorarit

151 1371 310 1418 Corpora
325 1385 348 1408 :·
365 1370 538 1409 debilitas
565 1372 692 1409 tamen
719 1371 756 1408 et
783 1369 960 1408 violentia
988 1370 1106 1408 morbi

151 1423 280 1462 Virtus
308 1424 438 1462 mortis
466 1425 558 1462 erat.
590 1424 733 1463 Reddet
760 1424 857 1472 quod
884 1423 1138 1472 particulatim

151 1477 363 1524 Sorbuerat‚
394 1488 622 1526 quocumque
650 1478 781 1524 mod03
814 1489 860 1519 ne
886 1479 1054 1516 mortuus
1083 1477 1204 1516 omnis

194 1609 238 1646 (1)
260 1608 365 1638 Nosco
387 1617 494 1638 meum
506 1609 543 1638 in
557 1609 686 1639 Christo
700 1616 832 1646 corpus,
850 1608 910 1639 etc.
929 1608 1004 1638 Tres
1027 1609 1060 1638 et
1082 1608 1198 1644 viginti
1222 1614 1290 1638 ver-

152 1659 216 1686 sus,
241 1650 294 1687 qui
317 1650 507 1688 Apotheosin
528 1651 774 1681 Prudentianam
797 1650 836 1679 ad
859 1650 1039 1680 umbilicum
1055 1650 1212 1680 adducunt
1242 1650 1293 1681 Gr-

153 1700 281 1722 ssrmvs
294 1712 304 1728 ‚
328 1692 442 1728 aliique
463 1693 649 1723 recentiores
674 1692 822 1722 lemmate
848 1692 1034 1722 inscribunt:
1056 1703 1073 1720 «
1091 1693 1140 1722 De
1149 1701 1294 1723 resurre-

150 1735 254 1764 ctione
275 1734 388 1764 carnis
408 1734 571 1764 hnmanae
586 1745 616 1766 ».
633 1734 691 1765 Sed
707 1734 830 1773 praeter
846 1742 937 1770 quam
954 1734 1034 1771 quod
1049 1734 1295 1772 praestantiores

151 1775 239 1808 codd.
264 1775 344 1806 nihil
367 1776 431 1806 tale
454 1776 580 1812 habent,
597 1785 651 1806 nos
668 1776 824 1807 commode
846 1784 953 1806 versus
968 1775 1060 1806 hosce
1085 1775 1125 1806 ad
1141 1775 1293 1806 Phantas-

151 1818 283 1848 maticos
305 1817 419 1848 referre
440 1827 611 1856 possumus,

193 1859 238 1898 (2)
261 1859 328 1889 Nec
354 1861 441 1889 enim
468 1861 595 1897 mittor,
624 1863 684 1890 ant
711 1860 821 1896 αἶίιις,
850 1868 950 1898 quam
972 1860 1071 1889 Nunc
1103 1868 1190 1889 sum.
1208 1859 1294 1897 Quod
1340 1893 1344 1896 ,

153 1909 246 1931 verae
268 1901 505 1931 resurrectionis
527 1903 578 1932 est
600 1902 766 1937 iudicium:
791 1902 937 1937 erratque
959 1902 1028 1931 toto
1049 1901 1132 1930 coelo
1155 1901 1202 1932 10.
1219 1901 1293 1931 Cu:-

153 1951 242 1973 nmvs
258 1943 291 1972 in
305 1943 449 1974 adnotat.
462 1943 499 1973 ad
523 1943 541 1982 ξ
556 1943 598 1980 Χ,
616 1944 707 1974 Libr.
725 1943 770 1973 11:
789 1944 837 1973 De
867 1953 943 1973 vera
965 1943 1092 1973 Christi
1119 1942 1292 1981 Reliyione

152 1985 294 2014 Hvuoms
318 1984 444 2019 Gnorn,
459 1985 509 2014 ubi
533 1985 680 2016 videlieet
702 1986 802 2015 totam
817 1985 956 2022 corporis
971 1984 1197 2022 reparationem
1211 1984 1292 2014 refu-

152 2027 221 2056 tare
243 2027 381 2056 conatur.
405 2027 483 2056 Vide
505 2026 645 2057 Aes‘rrvm
668 2027 697 2057 ΙΙ
721 2027 760 2057 ad
782 2026 927 2059 Corinth.
952 2026 1004 2057 lv.

195 2066 240 2106 (3)
265 2067 329 2104 Qui
350 2068 443 2098 modo
464 2069 557 2106 vivit,
579 2070 654 2100 erit.
680 2069 716 2101 V.
742 2068 854 2103 Ionvm,
877 2068 965 2098 XIX.
1051 2080 1054 2085 ¹

195 2109 241 2148 (4)
264 2109 355 2147 Quod
377 2119 474 2140 casus
501 2112 628 2150 rapuit,
652 2111 714 2143 etc.
749 2111 783 2142 V.
809 2107 999 2157 Καθημερ.
1024 2108 1063 2145 Χ,
1083 2109 1144 2139 140
1158 2110 1189 2140 0¹2
1205 2117 1292 2147 seqq·
