1566 2482
473 27 485 32 -
531 19 533 22 ⁴
578 20 670 44 ‘mist-*4*
706 24 709 27 ¹
733 35 739 38 ,
759 23 761 25 “
793 27 811 38 ,>
861 31 870 38 ι,
895 31 902 35 <
931 30 934 31 ν
949 27 984 43 „nv
1007 37 1013 44 x

445 38 455 50 ²
492 43 501 49 “
539 46 555 53 ’“
572 48 590 63 2.
615 43 704 69 :sslf
751 40 821 66 432,
843 43 889 69 ⁴2*
970 43 979 49 ⁴*
1007 44 1012 45 ⁷
1063 55 1075 63 ..

489 69 494 82 3
605 66 620 78 Ἃ
638 71 640 74 -
662 67 682 77 s*
784 73 792 80 s

288 157 300 190 j
324 142 401 189 228
575 134 578 136 ’
677 152 829 182 Avelim
855 130 1059 184 eavea-mn

373 263 453 300 Nec
479 262 577 300 bona
604 262 813 309 praesentis
839 263 940 301 vitae
967 275 1164 305 numerosa
1190 266 1411 314 gubernant.
1467 284 1471 285 ⁷
1512 282 1526 293 ⁴

374 315 565 361 Numina;
589 327 666 354 non
692 316 790 354 alius
817 318 962 365 segetes
989 319 1026 356 et
1053 318 1178 366 spicea
1195 319 1298 358 farra

375 368 593 417 Suppeditat
620 370 743 408 Deus:
774 370 841 408 aut
863 370 961 409 alius
989 371 1054 410 dat
1080 374 1205 411 musta
1229 374 1400 422 racemis,

374 424 675 471 Purpureumque
702 423 810 471 gravi
837 423 961 462 fundit
989 425 1032 463 de
1060 426 1212 473 palmite
1241 439 1405 467 succum.

375 477 461 524 Ipse
488 487 556 524 ego
584 488 681 523 sum,
712 477 849 515 virides
876 478 976 516 oleas
996 479 1046 526 (l)
1066 479 1307 528 pinguescere
1334 483 1459 522 baccis

375 530 447 576 Qui
473 529 583 576 facio,
615 530 729 568 Graia
756 542 849 578 quas
877 531 1032 570 Pallade
1060 533 1206 582 fingitis
1233 537 1349 583 ortas,

374 585 423 621 Et
451 584 514 631 qui
543 583 704 622 Lucinas
730 584 853 623 tribuo
879 585 1122 625 nascentibus
1150 587 1260 627 horas
1281 590 1347 637 (2).

374 637 519 684 Duplex
546 638 627 686 lege
655 649 737 676 mea
763 649 828 685 per
855 640 985 677 mutua
1011 639 1159 678 foedera
1186 652 1296 680 sexus
1355 641 1454 694 [det3

374 690 534 738 Gignere
546 691 648 729 amat
663 691 824 729 sobolem
838 693 905 739 (3),
918 693 1135 741 generisque
1149 695 1354 744 propagine
1365 708 1460 745 gau-

372 745 486 790 Quem
515 756 581 783 vos
608 744 759 783 lascivis
786 745 937 784 violatis
965 746 1151 786 amoribus
1179 748 1321 797 ignem,
1380 752 1456 789 225

373 798 423 835 Et
449 799 580 845 stupra
606 799 731 836 vestra
758 799 846 838 deae
874 800 1030 838 Veneris
1058 801 1272 847 praetexitis
1309 804 1455 842 umbra.

368 851 482 897 „Vnus
510 863 578 900 ego
605 852 788 891 elementa
815 863 917 900 reg0,
948 864 1015 892 nec
1043 854 1137 892 mole
1165 854 1318 903 laboris,

375 905 426 941 Vt
454 904 565 943 miser
591 905 807 945 infirmusve
835 906 972 954 aliquis
999 907 1207 955 fragilisve,
1237 909 1389 958 fatigor.

376 959 457 995 Lux
476 959 659 997 immensa
677 959 770 997 mihi
789 961 861 1006 est,
883 962 920 998 et
946 971 1021 998 non
1035 961 1247 1001 resolubilis
1266 964 1370 1002 aetas
1391 964 1457 1011 (4),

375 1012 552 1050 Sensibus
580 1014 618 1050 et
643 1013 778 1051 vestris
806 1013 906 1051 haud
933 1013 1125 1053 intellecta
1142 1016 1326 1055 vetustas.
1382 1018 1460 1055 230

373 1065 467 1103 Inde
495 1066 713 1104 ministeriis
741 1068 791 1105 ad
817 1068 873 1105 tot
890 1067 1144 1106 moderamina
1168 1070 1299 1108 mundi

373 1119 459 1156 Non
487 1131 590 1167 egeo,
620 1131 688 1158 nec
715 1121 913 1168 participes
941 1121 1106 1160 sociosve
1133 1123 1294 1170 requiro.

372 1172 485 1210 Porro
511 1174 636 1211 autem
663 1174 854 1221 angelicas
879 1175 1059 1222 legiones,
1081 1187 1155 1223 qua
1183 1187 1264 1214 mea
1291 1176 1381 1215 fecit

376 1226 549 1272 Dextera,
579 1237 689 1265 nosse
720 1239 841 1265 meum
869 1230 939 1275 est,
969 1230 1007 1267 et
1033 1240 1126 1277 quae
1155 1233 1291 1269 natura
1317 1230 1457 1268 creatis

369 1279 570 1330 Subsistat‚
601 1281 800 1328 qualesque
830 1282 921 1319 mihi
949 1283 1141 1320 serventur
1168 1281 1216 1320 ad
1244 1294 1351 1324 usus,
1378 1284 1455 1322 235

371 1333 440 1379 Tu,
472 1344 528 1371 me
555 1334 768 1380 praeterito,
800 1335 991 1373 meditaris
1019 1336 1175 1373 numina
1202 1336 1318 1383 mille,

373 1387 473 1431 Quae
503 1386 655 1425 simules
683 1399 809 1435 parere
838 1389 930 1427 meis
958 1389 1173 1437 virtutibus,
1204 1391 1247 1430 ut
1274 1402 1332 1429 me

379 1441 445 1477 Per
475 1440 599 1478 varias
628 1442 754 1488 partes
781 1442 952 1480 minuas:
985 1442 1044 1481 cui
1071 1442 1176 1481 nulla
1203 1443 1318 1482 recidi

379 1494 469 1531 Pars
484 1494 550 1531 aut
564 1494 683 1532 forma
696 1496 818 1542 potest
833 1511 841 1533 :
860 1496 947 1544 quia
962 1507 1044 1534 sum
1059 1497 1271 1535 substantia
1286 1497 1456 1546 simplex,

374 1547 453 1585 Nec
481 1558 568 1594 pars
598 1559 677 1586 esse
707 1559 813 1596 queo.
845 1549 941 1587 Solis
970 1549 1105 1588 divisio
1132 1550 1243 1588 rebus
1379 1552 1457 1590 ‘240

374 1600 595 1647 Compositis
623 1601 807 1650 factisque
837 1603 986 1641 subest:
1019 1615 1075 1641 me
1103 1614 1211 1642 nemo
1247 1604 1401 1652 creavit,

374 1654 425 1692 Vt
453 1654 574 1692 scindi
603 1655 771 1702 valeam
804 1658 1019 1695 cunctorum
1049 1657 1217 1696 conditor
1244 1669 1355 1696 unus.

384 1795 429 1835 (1)
452 1797 573 1827 virides
595 1797 694 1828 oleas.
719 1798 808 1829 Oleas
828 1806 883 1837 pro
906 1799 1003 1829 ramis
1023 1799 1186 1836 0¹eaginis.
1216 1799 1251 1829 V.
1275 1800 1364 1837 Virg.
1387 1799 1456 1837 vn,

322 1837 403 1908 [54.ὲ
427 1838 530 1869 Pallas
562 1840 666 1870 autem
688 1840 828 1871 Minerva
861 1842 955 1879 caput
983 1841 1131 1878 gestabat
1157 1849 1269 1871 corona
1299 1841 1459 1878 oleaginea

319 1888 387 1909 cmc
407 1889 468 1910 um.

382 1921 427 1959 (2)
449 1922 598 1952 Lucinae
619 1923 730 1953 horas.
748 1923 860 1958 Horas,
876 1931 953 1961 quas
968 1924 1106 1955 Lucinae
1120 1924 1322 1955 sacraverant
1334 1923 1455 1956 Iunoni.

318 1962 398 1992 Iuno
413 1963 530 1993 Lucina
544 1964 771 2002 appellabatur,
784 1965 864 2002 quod
875 1966 1070 1996 nascentibus
1085 1967 1254 2005 praeesset,
1267 1966 1300 1996 et
1310 1966 1343 1996 in
1354 1965 1453 1996 lucem

320 2003 454 2034 edituris
476 2004 606 2036 faveret.
631 2006 665 2038 V.
690 2007 786 2037 VARR.
817 2007 853 2038 L.
875 2008 911 2038 L.
935 2007 987 2043 IV,
1007 2008 1054 2039 10.

382 2045 427 2083 (3)
447 2047 596 2084 yiyneret
619 2051 710 2078 amat
731 2049 876 2079 sobolem.
902 2049 950 2079 Ita
972 2050 1004 2079 in
1026 2049 1153 2087 plerisq.
1178 2049 1273 2081 editt.

383 2087 428 2125 (4)
446 2090 475 2117 et
489 2097 554 2118 non
567 2090 753 2120 resolubilis
764 2093 866 2122 aetas.
882 2091 987 2123 G1ser.
1000 2101 1061 2121 non
1080 2094 1179 2121 morte
1188 2091 1341 2122 solubih's
1351 2091 1452 2121 aetas.

1527 539 1530 541 -
1551 528 1563 547 1
