<?xml version="1.0" encoding="UTF-8"?>
<!DOCTYPE html PUBLIC "-//W3C//DTD XHTML 1.0 Transitional//EN"
    "http://www.w3.org/TR/xhtml1/DTD/xhtml1-transitional.dtd">
<html xmlns="http://www.w3.org/1999/xhtml" xml:lang="en" lang="en">
 <head>
  <title>
</title>
<meta http-equiv="Content-Type" content="text/html;charset=utf-8" />
  <meta name='ocr-system' content='tesseract 3.04.00' />
  <meta name='ocr-capabilities' content='ocr_page ocr_carea ocr_par ocr_line ocrx_word'/>
</head>
<body>
  <div class='ocr_page' id='page_1' title='image "./operaprud00pruduoft/operaprud00pruduoft_0255.png"; bbox 0 0 1566 2482; ppageno 0'>
   <div class='ocr_carea' id='block_1_1' title="bbox 0 0 1566 142">
    <p class='ocr_par' dir='ltr' id='par_1_1' title="bbox 0 0 1566 142">
     <span class='ocr_line' id='line_1_1' title="bbox 0 0 1566 142; baseline 0 2340"><span class='ocrx_word' id='word_1_1' title='bbox 0 0 1566 142; x_wconf 95' lang='lat' dir='ltr'><strong> </strong></span> 
     </span>
    </p>
   </div>
   <div class='ocr_carea' id='block_1_2' title="bbox 0 208 42 346">
    <p class='ocr_par' dir='ltr' id='par_1_2' title="bbox 0 204 42 346">
     <span class='ocr_line' id='line_1_2' title="bbox 0 208 42 246; baseline 0 -35"><span class='ocrx_word' id='word_1_2' title='bbox 0 224 25 246; x_wconf 43' lang='lat' dir='ltr'><strong>x-</strong></span> <span class='ocrx_word' id='word_1_3' title='bbox 38 208 42 211; x_wconf 88' lang='lat'>.</span> 
     </span>
     <span class='ocr_line' id='line_1_3' title="bbox 2 298 13 326; baseline 0 -23"><span class='ocrx_word' id='word_1_4' title='bbox 2 298 13 326; x_wconf 40' lang='grc'><strong>3.-</strong></span> 
     </span>
     <span class='ocr_line' id='line_1_4' title="bbox 2 333 10 346; baseline 0 0"><span class='ocrx_word' id='word_1_5' title='bbox 2 333 10 346; x_wconf 71' lang='lat'>2</span> 
     </span>
    </p>
   </div>
   <div class='ocr_carea' id='block_1_3' title="bbox 14 2381 33 2482">
    <p class='ocr_par' dir='ltr' id='par_1_3' title="bbox 14 2381 33 2482">
     <span class='ocr_line' id='line_1_5' title="bbox 14 2381 33 2482; textangle 90"><span class='ocrx_word' id='word_1_6' title='bbox 14 2381 33 2482; x_wconf 51' lang='lat' dir='ltr'><strong>mm⁴</strong></span> 
     </span>
    </p>
   </div>
   <div class='ocr_carea' id='block_1_4' title="bbox 410 145 1302 219">
    <p class='ocr_par' dir='ltr' id='par_1_4' title="bbox 410 145 1302 219">
     <span class='ocr_line' id='line_1_6' title="bbox 410 145 1302 219; baseline -0.003 -3"><span class='ocrx_word' id='word_1_7' title='bbox 410 145 566 217; x_wconf 46' lang='lat' dir='ltr'><strong>cemus</strong></span> <span class='ocrx_word' id='word_1_8' title='bbox 580 168 778 218; x_wconf 70' lang='lat' dir='ltr'><strong>sumum</strong></span> <span class='ocrx_word' id='word_1_9' title='bbox 802 171 1015 219; x_wconf 67' lang='lat' dir='ltr'><strong>mnom</strong></span> <span class='ocrx_word' id='word_1_10' title='bbox 1204 148 1302 213; x_wconf 63' lang='lat' dir='ltr'><strong>251.v</strong></span> 
     </span>
    </p>
   </div>
   <div class='ocr_carea' id='block_1_5' title="bbox 1176 247 1284 252">
    <p class='ocr_par' dir='ltr' id='par_1_5' title="bbox 1176 247 1284 252">
     <span class='ocr_line' id='line_1_7' title="bbox 1176 247 1284 252; baseline 0 0"><span class='ocrx_word' id='word_1_11' title='bbox 1176 247 1284 252; x_wconf 95' lang='lat' dir='ltr'><strong> </strong></span> 
     </span>
    </p>
   </div>
   <div class='ocr_carea' id='block_1_6' title="bbox 195 292 1288 1574">
    <p class='ocr_par' dir='ltr' id='par_1_6' title="bbox 199 292 1279 348">
     <span class='ocr_line' id='line_1_8' title="bbox 199 292 1279 348; baseline -0.004 -13"><span class='ocrx_word' id='word_1_12' title='bbox 199 296 411 336; x_wconf 70' lang='lat' dir='ltr'>Praecurrit</span> <span class='ocrx_word' id='word_1_13' title='bbox 423 295 502 346; x_wconf 90' lang='lat'><strong>(1),</strong></span> <span class='ocrx_word' id='word_1_14' title='bbox 522 307 616 344; x_wconf 83' lang='lat' dir='ltr'><strong>quae</strong></span> <span class='ocrx_word' id='word_1_15' title='bbox 635 293 776 333; x_wconf 77' lang='lat' dir='ltr'><strong>Christi</strong></span> <span class='ocrx_word' id='word_1_16' title='bbox 794 293 937 342; x_wconf 81' lang='lat' dir='ltr'><strong>apicem</strong></span> <span class='ocrx_word' id='word_1_17' title='bbox 955 292 1128 348; x_wconf 81' lang='lat' dir='ltr'><strong>sublimio</strong></span> <span class='ocrx_word' id='word_1_18' title='bbox 1141 293 1279 332; x_wconf 87' lang='lat' dir='ltr'><strong>reffert.</strong></span> 
     </span>
    </p>

    <p class='ocr_par' dir='ltr' id='par_1_7' title="bbox 199 347 1071 398">
     <span class='ocr_line' id='line_1_9' title="bbox 199 347 1071 398; baseline -0.005 -9"><span class='ocrx_word' id='word_1_19' title='bbox 199 350 300 398; x_wconf 89' lang='lat' dir='ltr'><strong>Illic,</strong></span> <span class='ocrx_word' id='word_1_20' title='bbox 329 351 385 389; x_wconf 77' lang='lat' dir='ltr'><strong>ter</strong></span> <span class='ocrx_word' id='word_1_21' title='bbox 412 349 517 388; x_wconf 86' lang='lat' dir='ltr'><strong>denis</strong></span> <span class='ocrx_word' id='word_1_22' title='bbox 544 360 639 398; x_wconf 83' lang='lat' dir='ltr'><strong>gens</strong></span> <span class='ocrx_word' id='word_1_23' title='bbox 665 347 864 387; x_wconf 75' lang='lat' dir='ltr'><strong>exitiabilis</strong></span> <span class='ocrx_word' id='word_1_24' title='bbox 892 347 1004 386; x_wconf 86' lang='lat' dir='ltr'><strong>annis</strong></span> <span class='ocrx_word' id='word_1_25' title='bbox 1067 381 1071 385; x_wconf 58' lang='lat'>„</span> 
     </span>
    </p>

    <p class='ocr_par' dir='ltr' id='par_1_8' title="bbox 199 400 1280 451">
     <span class='ocr_line' id='line_1_10' title="bbox 199 400 1280 451; baseline -0.005 -8"><span class='ocrx_word' id='word_1_26' title='bbox 199 403 431 450; x_wconf 77' lang='lat' dir='ltr'><strong>Pannoniae,</strong></span> <span class='ocrx_word' id='word_1_27' title='bbox 451 406 600 451; x_wconf 81' lang='lat' dir='ltr'><strong>&#39;poenas</strong></span> <span class='ocrx_word' id='word_1_28' title='bbox 627 402 777 440; x_wconf 89' lang='lat' dir='ltr'><strong>tandem</strong></span> <span class='ocrx_word' id='word_1_29' title='bbox 804 400 926 439; x_wconf 82' lang='lat' dir='ltr'><strong>deleta</strong></span> <span class='ocrx_word' id='word_1_30' title='bbox 952 401 1142 449; x_wconf 80' lang='lat' dir='ltr'><strong>pependit.</strong></span> <span class='ocrx_word' id='word_1_31' title='bbox 1204 401 1280 439; x_wconf 86' lang='lat'><strong>715</strong></span> 
     </span>
    </p>

    <p class='ocr_par' dir='ltr' id='par_1_9' title="bbox 199 454 980 506">
     <span class='ocr_line' id='line_1_11' title="bbox 199 454 980 506; baseline -0.005 -10"><span class='ocrx_word' id='word_1_32' title='bbox 199 458 362 506; x_wconf 82' lang='lat' dir='ltr'>Corpora</span> <span class='ocrx_word' id='word_1_33' title='bbox 386 456 541 495; x_wconf 80' lang='lat' dir='ltr'><strong>famosis</strong></span> <span class='ocrx_word' id='word_1_34' title='bbox 569 456 656 494; x_wconf 88' lang='lat' dir='ltr'><strong>olim</strong></span> <span class='ocrx_word' id='word_1_35' title='bbox 685 455 807 494; x_wconf 80' lang='lat' dir='ltr'><strong>ditata</strong></span> <span class='ocrx_word' id='word_1_36' title='bbox 833 454 980 502; x_wconf 85' lang='lat' dir='ltr'><strong>rapinis</strong></span> 
     </span>
    </p>

    <p class='ocr_par' dir='ltr' id='par_1_10' title="bbox 202 507 1160 558">
     <span class='ocr_line' id='line_1_12' title="bbox 202 507 1160 558; baseline -0.005 -8"><span class='ocrx_word' id='word_1_37' title='bbox 202 512 249 551; x_wconf 89' lang='lat' dir='ltr'><strong>In</strong></span> <span class='ocrx_word' id='word_1_38' title='bbox 275 511 442 550; x_wconf 87' lang='lat' dir='ltr'><strong>cumulos</strong></span> <span class='ocrx_word' id='word_1_39' title='bbox 469 511 645 558; x_wconf 77' lang='lat' dir='ltr'><strong>congesta</strong></span> <span class='ocrx_word' id='word_1_40' title='bbox 671 509 816 547; x_wconf 82' lang='lat' dir='ltr'><strong>iacent:</strong></span> <span class='ocrx_word' id='word_1_41' title='bbox 847 508 1026 546; x_wconf 81' lang='lat' dir='ltr'><strong>mirabere</strong></span> <span class='ocrx_word' id='word_1_42' title='bbox 1054 507 1160 554; x_wconf 87' lang='lat' dir='ltr'><strong>seris,</strong></span> 
     </span>
    </p>

    <p class='ocr_par' dir='ltr' id='par_1_11' title="bbox 200 560 1133 611">
     <span class='ocr_line' id='line_1_13' title="bbox 200 560 1133 611; baseline -0.005 -8"><span class='ocrx_word' id='word_1_43' title='bbox 200 565 420 611; x_wconf 86' lang='lat' dir='ltr'><strong>Posteritas,</strong></span> <span class='ocrx_word' id='word_1_44' title='bbox 450 563 582 602; x_wconf 87' lang='lat' dir='ltr'><strong>saeclis</strong></span> <span class='ocrx_word' id='word_1_45' title='bbox 609 563 808 601; x_wconf 87' lang='lat' dir='ltr'><strong>inhumata</strong></span> <span class='ocrx_word' id='word_1_46' title='bbox 834 562 1018 600; x_wconf 87' lang='lat' dir='ltr'><strong>cadavera</strong></span> <span class='ocrx_word' id='word_1_47' title='bbox 1043 560 1133 607; x_wconf 86' lang='lat' dir='ltr'><strong>late,</strong></span> 
     </span>
    </p>

    <p class='ocr_par' dir='ltr' id='par_1_12' title="bbox 200 614 1175 664">
     <span class='ocr_line' id='line_1_14' title="bbox 200 614 1175 664; baseline -0.005 -7"><span class='ocrx_word' id='word_1_48' title='bbox 200 619 301 664; x_wconf 82' lang='lat' dir='ltr'>Quae</span> <span class='ocrx_word' id='word_1_49' title='bbox 327 617 560 657; x_wconf 78' lang='lat' dir='ltr'><strong>Pollentinos</strong></span> <span class='ocrx_word' id='word_1_50' title='bbox 587 617 758 654; x_wconf 80' lang='lat' dir='ltr'><strong>texerunt</strong></span> <span class='ocrx_word' id='word_1_51' title='bbox 784 615 932 654; x_wconf 86' lang='lat' dir='ltr'><strong>ossibus</strong></span> <span class='ocrx_word' id='word_1_52' title='bbox 959 625 1070 663; x_wconf 86' lang='lat' dir='ltr'><strong>agros</strong></span> <span class='ocrx_word' id='word_1_53' title='bbox 1100 614 1175 664; x_wconf 81' lang='lat'>(2).</span> 
     </span>
    </p>

    <p class='ocr_par' dir='ltr' id='par_1_13' title="bbox 199 669 1284 719">
     <span class='ocr_line' id='line_1_15' title="bbox 199 669 1284 719; baseline -0.003 -9"><span class='ocrx_word' id='word_1_54' title='bbox 199 671 238 710; x_wconf 90' lang='lat' dir='ltr'><strong>Si</strong></span> <span class='ocrx_word' id='word_1_55' title='bbox 264 671 368 719; x_wconf 90' lang='lat' dir='ltr'><strong>potui</strong></span> <span class='ocrx_word' id='word_1_56' title='bbox 395 671 568 710; x_wconf 84' lang='lat' dir='ltr'><strong>manibus</strong></span> <span class='ocrx_word' id='word_1_57' title='bbox 595 670 787 708; x_wconf 84' lang='lat' dir='ltr'><strong>Gallorum</strong></span> <span class='ocrx_word' id='word_1_58' title='bbox 814 669 938 707; x_wconf 85' lang='lat' dir='ltr'><strong>excisa</strong></span> <span class='ocrx_word' id='word_1_59' title='bbox 965 669 1088 707; x_wconf 84' lang='lat' dir='ltr'><strong>levare</strong></span> <span class='ocrx_word' id='word_1_60' title='bbox 1207 669 1284 707; x_wconf 78' lang='lat'><strong>720</strong></span> 
     </span>
    </p>

    <p class='ocr_par' dir='ltr' id='par_1_14' title="bbox 201 722 1189 772">
     <span class='ocr_line' id='line_1_16' title="bbox 201 722 1189 772; baseline -0.004 -9"><span class='ocrx_word' id='word_1_61' title='bbox 201 726 254 763; x_wconf 89' lang='lat' dir='ltr'><strong>De</strong></span> <span class='ocrx_word' id='word_1_62' title='bbox 281 724 446 763; x_wconf 84' lang='lat' dir='ltr'><strong>cinerum</strong></span> <span class='ocrx_word' id='word_1_63' title='bbox 473 723 644 772; x_wconf 82' lang='lat' dir='ltr'><strong>squalore</strong></span> <span class='ocrx_word' id='word_1_64' title='bbox 671 724 798 771; x_wconf 86' lang='lat' dir='ltr'><strong>caput,</strong></span> <span class='ocrx_word' id='word_1_65' title='bbox 829 723 1003 761; x_wconf 86' lang='lat' dir='ltr'><strong>redeunte</strong></span> <span class='ocrx_word' id='word_1_66' title='bbox 1032 722 1189 760; x_wconf 84' lang='lat' dir='ltr'><strong>Camillo</strong></span> 
     </span>
    </p>

    <p class='ocr_par' dir='ltr' id='par_1_15' title="bbox 198 775 1086 826">
     <span class='ocr_line' id='line_1_17' title="bbox 198 775 1086 826; baseline -0.003 -10"><span class='ocrx_word' id='word_1_67' title='bbox 198 778 316 826; x_wconf 80' lang='lat' dir='ltr'><strong>Signa</strong></span> <span class='ocrx_word' id='word_1_68' title='bbox 342 778 529 817; x_wconf 82' lang='lat' dir='ltr'><strong>renidenti</strong></span> <span class='ocrx_word' id='word_1_69' title='bbox 553 777 702 815; x_wconf 87' lang='lat' dir='ltr'><strong>fumans</strong></span> <span class='ocrx_word' id='word_1_70' title='bbox 731 776 765 814; x_wconf 89' lang='lat' dir='ltr'><strong>si</strong></span> <span class='ocrx_word' id='word_1_71' title='bbox 791 776 913 814; x_wconf 85' lang='lat' dir='ltr'><strong>fronte</strong></span> <span class='ocrx_word' id='word_1_72' title='bbox 942 775 1086 823; x_wconf 81' lang='lat' dir='ltr'><strong>recepi3</strong></span> 
     </span>
    </p>

    <p class='ocr_par' dir='ltr' id='par_1_16' title="bbox 198 829 1054 879">
     <span class='ocr_line' id='line_1_18' title="bbox 198 829 1054 879; baseline -0.002 -10"><span class='ocrx_word' id='word_1_73' title='bbox 198 831 236 869; x_wconf 91' lang='lat' dir='ltr'><strong>Si</strong></span> <span class='ocrx_word' id='word_1_74' title='bbox 263 832 367 879; x_wconf 90' lang='lat' dir='ltr'><strong>potui</strong></span> <span class='ocrx_word' id='word_1_75' title='bbox 395 831 548 870; x_wconf 82' lang='lat' dir='ltr'><strong>miseras</strong></span> <span class='ocrx_word' id='word_1_76' title='bbox 575 830 685 869; x_wconf 84' lang='lat' dir='ltr'><strong>sertis</strong></span> <span class='ocrx_word' id='word_1_77' title='bbox 712 829 882 869; x_wconf 85' lang='lat' dir='ltr'><strong>redimire</strong></span> <span class='ocrx_word' id='word_1_78' title='bbox 908 829 1054 875; x_wconf 89' lang='lat' dir='ltr'><strong>ruinas,</strong></span> 
     </span>
    </p>

    <p class='ocr_par' dir='ltr' id='par_1_17' title="bbox 199 883 1165 932">
     <span class='ocr_line' id='line_1_19' title="bbox 199 883 1165 932; baseline -0.003 -9"><span class='ocrx_word' id='word_1_79' title='bbox 199 886 249 923; x_wconf 90' lang='lat' dir='ltr'><strong>Et</strong></span> <span class='ocrx_word' id='word_1_80' title='bbox 276 885 371 923; x_wconf 88' lang='lat' dir='ltr'><strong>male</strong></span> <span class='ocrx_word' id='word_1_81' title='bbox 397 885 600 932; x_wconf 79' lang='lat' dir='ltr'><strong>pendentes</strong></span> <span class='ocrx_word' id='word_1_82' title='bbox 625 884 730 923; x_wconf 87' lang='lat' dir='ltr'><strong>lauro</strong></span> <span class='ocrx_word' id='word_1_83' title='bbox 758 883 994 931; x_wconf 75' lang='lat' dir='ltr'><strong>praecingere</strong></span> <span class='ocrx_word' id='word_1_84' title='bbox 1021 885 1165 921; x_wconf 86' lang='lat' dir='ltr'><strong>turres:</strong></span> 
     </span>
    </p>

    <p class='ocr_par' dir='ltr' id='par_1_18' title="bbox 198 935 1285 986">
     <span class='ocr_line' id='line_1_20' title="bbox 198 935 1285 986; baseline -0.004 -9"><span class='ocrx_word' id='word_1_85' title='bbox 198 940 276 985; x_wconf 82' lang='lat' dir='ltr'><strong>Quo</strong></span> <span class='ocrx_word' id='word_1_86' title='bbox 303 941 340 977; x_wconf 90' lang='lat' dir='ltr'><strong>te</strong></span> <span class='ocrx_word' id='word_1_87' title='bbox 357 938 559 986; x_wconf 80' lang='lat' dir='ltr'><strong>suscipiam</strong></span> <span class='ocrx_word' id='word_1_88' title='bbox 577 937 732 985; x_wconf 88' lang='lat' dir='ltr'><strong>gremio,</strong></span> <span class='ocrx_word' id='word_1_89' title='bbox 753 936 953 975; x_wconf 88' lang='lat' dir='ltr'><strong>fortissime</strong></span> <span class='ocrx_word' id='word_1_90' title='bbox 982 935 1187 983; x_wconf 81' lang='lat' dir='ltr'><strong>Princeps?</strong></span> <span class='ocrx_word' id='word_1_91' title='bbox 1209 937 1285 975; x_wconf 81' lang='lat'><strong>725</strong></span> 
     </span>
    </p>

    <p class='ocr_par' dir='ltr' id='par_1_19' title="bbox 196 990 1217 1040">
     <span class='ocr_line' id='line_1_21' title="bbox 196 990 1217 1040; baseline -0.002 -10"><span class='ocrx_word' id='word_1_92' title='bbox 196 993 295 1038; x_wconf 80' lang='lat' dir='ltr'><strong>Quos</strong></span> <span class='ocrx_word' id='word_1_93' title='bbox 322 1003 499 1040; x_wconf 87' lang='lat' dir='ltr'><strong>spargam</strong></span> <span class='ocrx_word' id='word_1_94' title='bbox 526 991 635 1029; x_wconf 88' lang='lat' dir='ltr'><strong>flores</strong></span> <span class='ocrx_word' id='word_1_95' title='bbox 646 993 671 1028; x_wconf 75' lang='lat' dir='ltr'><strong>P·</strong></span> <span class='ocrx_word' id='word_1_96' title='bbox 692 990 826 1038; x_wconf 84' lang='lat' dir='ltr'><strong>quibus</strong></span> <span class='ocrx_word' id='word_1_97' title='bbox 854 990 1043 1028; x_wconf 83' lang='lat' dir='ltr'><strong>insertabo</strong></span> <span class='ocrx_word' id='word_1_98' title='bbox 1070 990 1217 1028; x_wconf 88' lang='lat' dir='ltr'><strong>coronis</strong></span> 
     </span>
    </p>

    <p class='ocr_par' dir='ltr' id='par_1_20' title="bbox 196 1042 1148 1093">
     <span class='ocr_line' id='line_1_22' title="bbox 196 1042 1148 1093; baseline -0.003 -10"><span class='ocrx_word' id='word_1_99' title='bbox 196 1045 335 1085; x_wconf 83' lang='lat' dir='ltr'><strong>Atria?</strong></span> <span class='ocrx_word' id='word_1_100' title='bbox 362 1057 455 1093; x_wconf 86' lang='lat' dir='ltr'><strong>quae</strong></span> <span class='ocrx_word' id='word_1_101' title='bbox 483 1044 592 1083; x_wconf 88' lang='lat' dir='ltr'><strong>festis</strong></span> <span class='ocrx_word' id='word_1_102' title='bbox 617 1044 846 1091; x_wconf 85' lang='lat' dir='ltr'><strong>suspendam</strong></span> <span class='ocrx_word' id='word_1_103' title='bbox 871 1043 989 1091; x_wconf 85' lang='lat' dir='ltr'><strong>pallia</strong></span> <span class='ocrx_word' id='word_1_104' title='bbox 1015 1042 1148 1091; x_wconf 88' lang='lat' dir='ltr'><strong>portis,</strong></span> 
     </span>
    </p>

    <p class='ocr_par' dir='ltr' id='par_1_21' title="bbox 196 1096 1168 1144">
     <span class='ocr_line' id='line_1_23' title="bbox 196 1096 1168 1144; baseline -0.002 -8"><span class='ocrx_word' id='word_1_105' title='bbox 196 1099 382 1138; x_wconf 79' lang='lat' dir='ltr'><strong>Immanis</strong></span> <span class='ocrx_word' id='word_1_106' title='bbox 409 1098 509 1137; x_wconf 90' lang='lat' dir='ltr'><strong>tanti</strong></span> <span class='ocrx_word' id='word_1_107' title='bbox 535 1097 637 1144; x_wconf 89' lang='lat' dir='ltr'><strong>belli,</strong></span> <span class='ocrx_word' id='word_1_108' title='bbox 668 1109 712 1135; x_wconf 86' lang='lat' dir='ltr'><strong>ac</strong></span> <span class='ocrx_word' id='word_1_109' title='bbox 739 1098 776 1135; x_wconf 88' lang='lat' dir='ltr'><strong>te</strong></span> <span class='ocrx_word' id='word_1_110' title='bbox 804 1098 929 1135; x_wconf 83' lang='lat' dir='ltr'><strong>stante</strong></span> <span class='ocrx_word' id='word_1_111' title='bbox 957 1097 1027 1135; x_wconf 88' lang='lat' dir='ltr'><strong>sub</strong></span> <span class='ocrx_word' id='word_1_112' title='bbox 1054 1096 1168 1135; x_wconf 89' lang='lat' dir='ltr'><strong>armis</strong></span> 
     </span>
    </p>

    <p class='ocr_par' dir='ltr' id='par_1_22' title="bbox 196 1150 1250 1199">
     <span class='ocr_line' id='line_1_24' title="bbox 196 1150 1250 1199; baseline -0.003 -9"><span class='ocrx_word' id='word_1_113' title='bbox 196 1152 343 1199; x_wconf 87' lang='lat' dir='ltr'><strong>Libera,</strong></span> <span class='ocrx_word' id='word_1_114' title='bbox 374 1154 412 1190; x_wconf 90' lang='lat' dir='ltr'><strong>et</strong></span> <span class='ocrx_word' id='word_1_115' title='bbox 437 1164 526 1190; x_wconf 85' lang='lat' dir='ltr'><strong>aure</strong></span> <span class='ocrx_word' id='word_1_116' title='bbox 553 1153 664 1190; x_wconf 89' lang='lat' dir='ltr'><strong>tenus</strong></span> <span class='ocrx_word' id='word_1_117' title='bbox 691 1150 840 1189; x_wconf 82' lang='lat' dir='ltr'><strong>Geticos</strong></span> <span class='ocrx_word' id='word_1_118' title='bbox 868 1153 1018 1198; x_wconf 83' lang='lat' dir='ltr'><strong>experta</strong></span> <span class='ocrx_word' id='word_1_119' title='bbox 1035 1150 1250 1189; x_wconf 82' lang='lat' dir='ltr'><strong>tumultus?</strong></span> 
     </span>
    </p>

    <p class='ocr_par' dir='ltr' id='par_1_23' title="bbox 195 1203 1285 1254">
     <span class='ocr_line' id='line_1_25' title="bbox 195 1203 1285 1254; baseline -0.002 -10"><span class='ocrx_word' id='word_1_120' title='bbox 195 1206 337 1244; x_wconf 85' lang='lat' dir='ltr'><strong>Scande</strong></span> <span class='ocrx_word' id='word_1_121' title='bbox 356 1206 619 1254; x_wconf 86' lang='lat' dir='ltr'><strong>triumphalem</strong></span> <span class='ocrx_word' id='word_1_122' title='bbox 633 1215 797 1251; x_wconf 89' lang='lat' dir='ltr'><strong>currum,</strong></span> <span class='ocrx_word' id='word_1_123' title='bbox 814 1204 1015 1252; x_wconf 88' lang='lat' dir='ltr'><strong>spoliisque</strong></span> <span class='ocrx_word' id='word_1_124' title='bbox 1029 1203 1186 1251; x_wconf 84' lang='lat' dir='ltr'><strong>receptis</strong></span> <span class='ocrx_word' id='word_1_125' title='bbox 1208 1204 1285 1242; x_wconf 87' lang='grc'><strong>730</strong></span> 
     </span>
    </p>

    <p class='ocr_par' dir='ltr' id='par_1_24' title="bbox 196 1257 1286 1361">
     <span class='ocr_line' id='line_1_26' title="bbox 196 1257 1286 1361; baseline -0.002 -64"><span class='ocrx_word' id='word_1_126' title='bbox 196 1259 294 1306; x_wconf 91' lang='lat' dir='ltr'><strong>Huc,</strong></span> <span class='ocrx_word' id='word_1_127' title='bbox 316 1259 463 1299; x_wconf 84' lang='lat' dir='ltr'><strong>Christo</strong></span> <span class='ocrx_word' id='word_1_128' title='bbox 481 1259 696 1304; x_wconf 85' lang='lat' dir='ltr'><strong>comitante,</strong></span> <span class='ocrx_word' id='word_1_129' title='bbox 717 1258 802 1296; x_wconf 90' lang='lat' dir='ltr'><strong>veni</strong></span> <span class='ocrx_word' id='word_1_130' title='bbox 822 1257 880 1308; x_wconf 82' lang='lat'><strong>(3)</strong></span> <span class='ocrx_word' id='word_1_131' title='bbox 897 1273 905 1295; x_wconf 76' lang='grc' dir='ltr'>ι</span> <span class='ocrx_word' id='word_1_132' title='bbox 933 1259 1033 1305; x_wconf 81' lang='lat' dir='ltr'><strong>date,</strong></span> <span class='ocrx_word' id='word_1_133' title='bbox 1051 1257 1203 1361; x_wconf 48' lang='lat' dir='ltr'><strong>vincul?</strong></span> <span class='ocrx_word' id='word_1_134' title='bbox 1222 1258 1286 1295; x_wconf 85' lang='lat' dir='ltr'><strong>de-</strong></span> 
     </span>
     <span class='ocr_line' id='line_1_27' title="bbox 1184 1323 1283 1348; baseline 0 0"><span class='ocrx_word' id='word_1_135' title='bbox 1184 1323 1283 1348; x_wconf 80' lang='lat' dir='ltr'><strong>mam</strong></span> 
     </span>
    </p>

    <p class='ocr_par' dir='ltr' id='par_1_25' title="bbox 196 1365 1188 1414">
     <span class='ocr_line' id='line_1_28' title="bbox 196 1365 1188 1414; baseline -0.002 -10"><span class='ocrx_word' id='word_1_136' title='bbox 196 1366 362 1414; x_wconf 86' lang='lat' dir='ltr'><strong>Captivis</strong></span> <span class='ocrx_word' id='word_1_137' title='bbox 389 1366 581 1414; x_wconf 84' lang='lat' dir='ltr'><strong>gregibus,</strong></span> <span class='ocrx_word' id='word_1_138' title='bbox 612 1365 781 1403; x_wconf 84' lang='lat' dir='ltr'><strong>manicas</strong></span> <span class='ocrx_word' id='word_1_139' title='bbox 810 1365 998 1413; x_wconf 87' lang='lat' dir='ltr'><strong>deponite,</strong></span> <span class='ocrx_word' id='word_1_140' title='bbox 1027 1365 1141 1412; x_wconf 90' lang='lat' dir='ltr'><strong>longo</strong></span> <span class='ocrx_word' id='word_1_141' title='bbox 1184 1389 1188 1393; x_wconf 88' lang='lat'><em>-</em></span> 
     </span>
    </p>

    <p class='ocr_par' dir='ltr' id='par_1_26' title="bbox 196 1419 1185 1467">
     <span class='ocr_line' id='line_1_29' title="bbox 196 1419 1185 1467; baseline -0.002 -9"><span class='ocrx_word' id='word_1_142' title='bbox 196 1420 320 1458; x_wconf 84' lang='lat' dir='ltr'><strong>Tritas</strong></span> <span class='ocrx_word' id='word_1_143' title='bbox 347 1420 513 1466; x_wconf 87' lang='lat' dir='ltr'><strong>servitio,</strong></span> <span class='ocrx_word' id='word_1_144' title='bbox 544 1422 706 1457; x_wconf 89' lang='lat' dir='ltr'><strong>matrum</strong></span> <span class='ocrx_word' id='word_1_145' title='bbox 735 1419 984 1467; x_wconf 88' lang='lat' dir='ltr'><strong>iuvenumque</strong></span> <span class='ocrx_word' id='word_1_146' title='bbox 1013 1420 1185 1456; x_wconf 85' lang='lat' dir='ltr'><strong>catervae</strong></span> 
     </span>
    </p>

    <p class='ocr_par' dir='ltr' id='par_1_27' title="bbox 197 1472 1068 1517">
     <span class='ocr_line' id='line_1_30' title="bbox 197 1472 1068 1517; baseline -0.001 -7"><span class='ocrx_word' id='word_1_147' title='bbox 197 1473 374 1511; x_wconf 86' lang='lat' dir='ltr'><strong>Dediscat</strong></span> <span class='ocrx_word' id='word_1_148' title='bbox 401 1473 538 1511; x_wconf 88' lang='lat' dir='ltr'><strong>servire</strong></span> <span class='ocrx_word' id='word_1_149' title='bbox 566 1484 678 1511; x_wconf 82' lang='lat' dir='ltr'><strong>senex</strong></span> <span class='ocrx_word' id='word_1_150' title='bbox 706 1472 798 1510; x_wconf 88' lang='lat' dir='ltr'><strong>laris</strong></span> <span class='ocrx_word' id='word_1_151' title='bbox 825 1472 931 1510; x_wconf 83' lang='lat' dir='ltr'><strong>exsul</strong></span> <span class='ocrx_word' id='word_1_152' title='bbox 958 1472 1068 1517; x_wconf 89' lang='lat' dir='ltr'><strong>aviti,</strong></span> 
     </span>
    </p>

    <p class='ocr_par' dir='ltr' id='par_1_28' title="bbox 199 1524 1288 1574">
     <span class='ocr_line' id='line_1_31' title="bbox 199 1524 1288 1574; baseline -0.001 -11"><span class='ocrx_word' id='word_1_153' title='bbox 199 1525 328 1564; x_wconf 86' lang='lat' dir='ltr'><strong>Discat</strong></span> <span class='ocrx_word' id='word_1_154' title='bbox 354 1528 392 1563; x_wconf 87' lang='lat' dir='ltr'><strong>et</strong></span> <span class='ocrx_word' id='word_1_155' title='bbox 418 1526 466 1563; x_wconf 87' lang='lat' dir='ltr'><strong>ad</strong></span> <span class='ocrx_word' id='word_1_156' title='bbox 493 1525 655 1574; x_wconf 82' lang='lat' dir='ltr'><strong>patrium</strong></span> <span class='ocrx_word' id='word_1_157' title='bbox 683 1525 796 1563; x_wconf 88' lang='lat' dir='ltr'><strong>limen</strong></span> <span class='ocrx_word' id='word_1_158' title='bbox 825 1524 1005 1573; x_wconf 86' lang='lat' dir='ltr'><strong>genitrice</strong></span> <span class='ocrx_word' id='word_1_159' title='bbox 1034 1536 1182 1562; x_wconf 86' lang='lat' dir='ltr'><strong>reversa</strong></span> <span class='ocrx_word' id='word_1_160' title='bbox 1212 1524 1288 1562; x_wconf 87' lang='grc'><strong>735</strong></span> 
     </span>
    </p>
   </div>
   <div class='ocr_carea' id='block_1_7' title="bbox 209 1636 1288 1676">
    <p class='ocr_par' dir='ltr' id='par_1_29' title="bbox 209 1636 1288 1676">
     <span class='ocr_line' id='line_1_32' title="bbox 209 1636 1288 1676; baseline 0 -10"><span class='ocrx_word' id='word_1_161' title='bbox 209 1637 255 1676; x_wconf 91' lang='grc'><strong>(1)</strong></span> <span class='ocrx_word' id='word_1_162' title='bbox 274 1638 392 1675; x_wconf 66' lang='lat' dir='ltr'><strong>prima</strong></span> <span class='ocrx_word' id='word_1_163' title='bbox 412 1637 508 1667; x_wconf 74' lang='lat' dir='ltr'><strong>hasta</strong></span> <span class='ocrx_word' id='word_1_164' title='bbox 522 1637 677 1667; x_wconf 74' lang='lat' dir='ltr'><strong>dracones</strong></span> <span class='ocrx_word' id='word_1_165' title='bbox 692 1637 899 1667; x_wconf 72' lang='lat' dir='ltr'><strong>Praecurrit.</strong></span> <span class='ocrx_word' id='word_1_166' title='bbox 916 1636 1024 1666; x_wconf 85' lang='lat' dir='ltr'><strong>Prima</strong></span> <span class='ocrx_word' id='word_1_167' title='bbox 1041 1636 1132 1666; x_wconf 79' lang='lat' dir='ltr'><strong>hasta</strong></span> <span class='ocrx_word' id='word_1_168' title='bbox 1145 1637 1215 1668; x_wconf 82' lang='lat' dir='ltr'><strong>scil.</strong></span> <span class='ocrx_word' id='word_1_169' title='bbox 1234 1637 1288 1666; x_wconf 81' lang='lat' dir='ltr'><strong>La-</strong></span> 
     </span>
    </p>
   </div>
   <div class='ocr_carea' id='block_1_8' title="bbox 148 1679 858 1717">
    <p class='ocr_par' dir='ltr' id='par_1_30' title="bbox 148 1679 858 1717">
     <span class='ocr_line' id='line_1_33' title="bbox 148 1679 858 1717; baseline 0 -9"><span class='ocrx_word' id='word_1_170' title='bbox 148 1679 266 1710; x_wconf 80' lang='lat' dir='ltr'><strong>barum.</strong></span> <span class='ocrx_word' id='word_1_171' title='bbox 293 1679 335 1709; x_wconf 87' lang='lat' dir='ltr'><strong>De</strong></span> <span class='ocrx_word' id='word_1_172' title='bbox 357 1687 416 1716; x_wconf 88' lang='lat' dir='ltr'><strong>quo</strong></span> <span class='ocrx_word' id='word_1_173' title='bbox 438 1688 468 1709; x_wconf 89' lang='lat' dir='ltr'><strong>v.</strong></span> <span class='ocrx_word' id='word_1_174' title='bbox 492 1679 578 1709; x_wconf 68' lang='lat' dir='ltr'><strong>L·bri</strong></span> <span class='ocrx_word' id='word_1_175' title='bbox 594 1679 708 1717; x_wconf 87' lang='lat' dir='ltr'><strong>prioris</strong></span> <span class='ocrx_word' id='word_1_176' title='bbox 731 1687 760 1710; x_wconf 87' lang='lat' dir='ltr'><strong>v.</strong></span> <span class='ocrx_word' id='word_1_177' title='bbox 785 1679 858 1708; x_wconf 83' lang='lat'>488.</span> 
     </span>
    </p>
   </div>
   <div class='ocr_carea' id='block_1_9' title="bbox 208 1731 1288 1772">
    <p class='ocr_par' dir='ltr' id='par_1_31' title="bbox 208 1731 1288 1772">
     <span class='ocr_line' id='line_1_34' title="bbox 208 1731 1288 1772; baseline -0.001 -10"><span class='ocrx_word' id='word_1_178' title='bbox 208 1732 254 1771; x_wconf 83' lang='lat'><strong>(2)</strong></span> <span class='ocrx_word' id='word_1_179' title='bbox 275 1733 478 1763; x_wconf 76' lang='lat' dir='ltr'><strong>Pollentinos</strong></span> <span class='ocrx_word' id='word_1_180' title='bbox 498 1742 607 1772; x_wconf 64' lang='lat' dir='ltr'><strong>uaros.</strong></span> <span class='ocrx_word' id='word_1_181' title='bbox 631 1732 811 1768; x_wconf 88' lang='lat' dir='ltr'><strong>Pollentini,</strong></span> <span class='ocrx_word' id='word_1_182' title='bbox 827 1733 860 1762; x_wconf 85' lang='lat' dir='ltr'><strong>et</strong></span> <span class='ocrx_word' id='word_1_183' title='bbox 879 1731 1036 1762; x_wconf 80' lang='lat' dir='ltr'><strong>Pol‹·ntini</strong></span> <span class='ocrx_word' id='word_1_184' title='bbox 1066 1732 1134 1769; x_wconf 78' lang='lat' dir='ltr'><strong>agri</strong></span> <span class='ocrx_word' id='word_1_185' title='bbox 1164 1732 1205 1762; x_wconf 82' lang='lat' dir='ltr'><strong>ad</strong></span> <span class='ocrx_word' id='word_1_186' title='bbox 1233 1732 1288 1762; x_wconf 90' lang='lat' dir='ltr'><strong>Po·</strong></span> 
     </span>
    </p>
   </div>
   <div class='ocr_carea' id='block_1_10' title="bbox 144 1773 1290 2020">
    <p class='ocr_par' dir='ltr' id='par_1_32' title="bbox 144 1773 1290 2020">
     <span class='ocr_line' id='line_1_35' title="bbox 144 1773 1289 1813; baseline 0 -10"><span class='ocrx_word' id='word_1_187' title='bbox 144 1774 275 1803; x_wconf 57' lang='lat' dir='ltr'><strong>lentium</strong></span> <span class='ocrx_word' id='word_1_188' title='bbox 296 1778 485 1813; x_wconf 69' lang='lat' dir='ltr'><strong>spectantes,</strong></span> <span class='ocrx_word' id='word_1_189' title='bbox 508 1783 586 1811; x_wconf 78' lang='lat' dir='ltr'><strong>quae</strong></span> <span class='ocrx_word' id='word_1_190' title='bbox 608 1775 680 1803; x_wconf 75' lang='lat' dir='ltr'><strong>urbs</strong></span> <span class='ocrx_word' id='word_1_191' title='bbox 692 1773 732 1804; x_wconf 80' lang='lat' dir='ltr'><strong>ad</strong></span> <span class='ocrx_word' id='word_1_192' title='bbox 742 1774 898 1803; x_wconf 73' lang='lat' dir='ltr'><strong>Tanarum</strong></span> <span class='ocrx_word' id='word_1_193' title='bbox 912 1773 1023 1804; x_wconf 85' lang='lat' dir='ltr'><strong>flumen</strong></span> <span class='ocrx_word' id='word_1_194' title='bbox 1041 1774 1116 1803; x_wconf 80' lang='lat' dir='ltr'><strong>olim</strong></span> <span class='ocrx_word' id='word_1_195' title='bbox 1128 1774 1244 1810; x_wconf 81' lang='lat' dir='ltr'><strong>floruit,</strong></span> <span class='ocrx_word' id='word_1_196' title='bbox 1258 1774 1289 1803; x_wconf 90' lang='lat' dir='ltr'><strong>in</strong></span> 
     </span>
     <span class='ocr_line' id='line_1_36' title="bbox 146 1815 1286 1853; baseline 0.002 -9"><span class='ocrx_word' id='word_1_197' title='bbox 146 1815 322 1852; x_wconf 82' lang='lat' dir='ltr'><strong>Liguribus,</strong></span> <span class='ocrx_word' id='word_1_198' title='bbox 344 1815 491 1846; x_wconf 74' lang='lat' dir='ltr'><strong>fictilibus</strong></span> <span class='ocrx_word' id='word_1_199' title='bbox 513 1815 663 1846; x_wconf 81' lang='lat' dir='ltr'><strong>calicibus</strong></span> <span class='ocrx_word' id='word_1_200' title='bbox 684 1815 831 1853; x_wconf 78' lang='lat' dir='ltr'><strong>insignis,</strong></span> <span class='ocrx_word' id='word_1_201' title='bbox 854 1815 901 1845; x_wconf 77' lang='lat' dir='ltr'><strong>uti</strong></span> <span class='ocrx_word' id='word_1_202' title='bbox 925 1815 1019 1846; x_wconf 79' lang='lat' dir='ltr'><strong>habet</strong></span> <span class='ocrx_word' id='word_1_203' title='bbox 1047 1815 1141 1846; x_wconf 62' lang='lat' dir='ltr'><strong>Pru«.</strong></span> <span class='ocrx_word' id='word_1_204' title='bbox 1165 1816 1286 1846; x_wconf 57' lang='lat' dir='ltr'><strong>Miror.</strong></span> 
     </span>
     <span class='ocr_line' id='line_1_37' title="bbox 144 1856 1286 1896; baseline 0 -10"><span class='ocrx_word' id='word_1_205' title='bbox 144 1857 276 1894; x_wconf 80' lang='lat' dir='ltr'><strong>XXXV,</strong></span> <span class='ocrx_word' id='word_1_206' title='bbox 294 1858 344 1888; x_wconf 84' lang='lat'><strong>12.</strong></span> <span class='ocrx_word' id='word_1_207' title='bbox 367 1858 420 1889; x_wconf 83' lang='lat'><strong>45.</strong></span> <span class='ocrx_word' id='word_1_208' title='bbox 437 1858 537 1896; x_wconf 90' lang='lat' dir='ltr'><strong>Prope</strong></span> <span class='ocrx_word' id='word_1_209' title='bbox 558 1857 742 1888; x_wconf 75' lang='lat' dir='ltr'><strong>Pollentiam</strong></span> <span class='ocrx_word' id='word_1_210' title='bbox 763 1857 858 1887; x_wconf 83' lang='lat' dir='ltr'><strong>Gothi</strong></span> <span class='ocrx_word' id='word_1_211' title='bbox 882 1856 920 1887; x_wconf 82' lang='lat' dir='ltr'><strong>ad</strong></span> <span class='ocrx_word' id='word_1_212' title='bbox 943 1857 1184 1887; x_wconf 77' lang='lat' dir='ltr'><strong>internecionem</strong></span> <span class='ocrx_word' id='word_1_213' title='bbox 1207 1857 1286 1886; x_wconf 67' lang='lat' dir='ltr'><strong>coesi</strong></span> 
     </span>
     <span class='ocr_line' id='line_1_38' title="bbox 144 1898 1290 1930; baseline 0 -3"><span class='ocrx_word' id='word_1_214' title='bbox 144 1900 218 1928; x_wconf 79' lang='lat' dir='ltr'><strong>sunt</strong></span> <span class='ocrx_word' id='word_1_215' title='bbox 250 1907 269 1928; x_wconf 81' lang='lat' dir='ltr'><strong>a</strong></span> <span class='ocrx_word' id='word_1_216' title='bbox 302 1899 454 1930; x_wconf 81' lang='lat' dir='ltr'><strong>militibus</strong></span> <span class='ocrx_word' id='word_1_217' title='bbox 477 1899 626 1929; x_wconf 75' lang='lat' dir='ltr'><strong>Romanis</strong></span> <span class='ocrx_word' id='word_1_218' title='bbox 651 1899 784 1929; x_wconf 70' lang='lat' dir='ltr'><strong>Honorio</strong></span> <span class='ocrx_word' id='word_1_219' title='bbox 807 1899 893 1929; x_wconf 83' lang='lat' dir='ltr'><strong>duce.</strong></span> <span class='ocrx_word' id='word_1_220' title='bbox 919 1898 956 1930; x_wconf 88' lang='lat' dir='ltr'><strong>V.</strong></span> <span class='ocrx_word' id='word_1_221' title='bbox 973 1898 1088 1929; x_wconf 73' lang='lat' dir='ltr'><strong>CnAvn.</strong></span> <span class='ocrx_word' id='word_1_222' title='bbox 1106 1898 1145 1928; x_wconf 79' lang='lat' dir='ltr'><strong>vi</strong></span> <span class='ocrx_word' id='word_1_223' title='bbox 1161 1898 1290 1929; x_wconf 77' lang='lat' dir='ltr'><strong>Consul.</strong></span> 
     </span>
     <span class='ocr_line' id='line_1_39' title="bbox 146 1940 1288 1976; baseline 0 -7"><span class='ocrx_word' id='word_1_224' title='bbox 146 1940 260 1971; x_wconf 87' lang='lat' dir='ltr'><strong>Honor.</strong></span> <span class='ocrx_word' id='word_1_225' title='bbox 286 1941 363 1975; x_wconf 76' lang='lat'>127:</span> <span class='ocrx_word' id='word_1_226' title='bbox 378 1942 412 1971; x_wconf 84' lang='lat' dir='ltr'><strong>et</strong></span> <span class='ocrx_word' id='word_1_227' title='bbox 422 1942 471 1971; x_wconf 71' lang='lat' dir='ltr'><strong>De</strong></span> <span class='ocrx_word' id='word_1_228' title='bbox 486 1941 578 1970; x_wconf 76' lang='lat' dir='ltr'><strong>Bello</strong></span> <span class='ocrx_word' id='word_1_229' title='bbox 594 1941 702 1971; x_wconf 74' lang='lat' dir='ltr'><strong>Getico</strong></span> <span class='ocrx_word' id='word_1_230' title='bbox 720 1941 755 1976; x_wconf 92' lang='lat' dir='ltr'><strong>V,</strong></span> <span class='ocrx_word' id='word_1_231' title='bbox 772 1940 841 1971; x_wconf 77' lang='lat'>6:35.</span> <span class='ocrx_word' id='word_1_232' title='bbox 858 1940 938 1970; x_wconf 75' lang='lat' dir='ltr'><strong>Item</strong></span> <span class='ocrx_word' id='word_1_233' title='bbox 954 1940 1149 1970; x_wconf 63' lang='lat' dir='ltr'><strong>Turnoxr.</strong></span> <span class='ocrx_word' id='word_1_234' title='bbox 1166 1950 1183 1967; x_wconf 82' lang='grc'>«</span> <span class='ocrx_word' id='word_1_235' title='bbox 1198 1940 1288 1972; x_wconf 73' lang='lat' dir='ltr'><strong>Hist.</strong></span> 
     </span>
     <span class='ocr_line' id='line_1_40' title="bbox 146 1982 996 2020; baseline 0.004 -10"><span class='ocrx_word' id='word_1_236' title='bbox 146 1982 202 2011; x_wconf 72' lang='lat' dir='ltr'><strong>des</strong></span> <span class='ocrx_word' id='word_1_237' title='bbox 224 1982 434 2020; x_wconf 77' lang='lat' dir='ltr'><strong>E&#39;mpereurs,</strong></span> <span class='ocrx_word' id='word_1_238' title='bbox 455 1983 542 2012; x_wconf 87' lang='lat' dir='ltr'><strong>Tom.</strong></span> <span class='ocrx_word' id='word_1_239' title='bbox 565 1982 601 2018; x_wconf 88' lang='lat' dir='ltr'><strong>V,</strong></span> <span class='ocrx_word' id='word_1_240' title='bbox 626 1983 688 2012; x_wconf 58' lang='lat' dir='ltr'><strong>nrt.</strong></span> <span class='ocrx_word' id='word_1_241' title='bbox 712 1982 801 2018; x_wconf 82' lang='lat' dir='ltr'><strong>XIX,</strong></span> <span class='ocrx_word' id='word_1_242' title='bbox 827 1990 897 2020; x_wconf 83' lang='lat' dir='ltr'><strong>pag.</strong></span> <span class='ocrx_word' id='word_1_243' title='bbox 922 1982 996 2013; x_wconf 83' lang='lat'>529.</span> 
     </span>
    </p>
   </div>
   <div class='ocr_carea' id='block_1_11' title="bbox 208 2035 1291 2073">
    <p class='ocr_par' dir='ltr' id='par_1_33' title="bbox 208 2035 1291 2073">
     <span class='ocr_line' id='line_1_41' title="bbox 208 2035 1291 2073; baseline -0.001 -8"><span class='ocrx_word' id='word_1_244' title='bbox 208 2035 253 2073; x_wconf 84' lang='lat'><strong>(3)</strong></span> <span class='ocrx_word' id='word_1_245' title='bbox 276 2036 362 2070; x_wconf 75' lang='lat' dir='ltr'><strong>Huc.</strong></span> <span class='ocrx_word' id='word_1_246' title='bbox 385 2036 516 2066; x_wconf 61' lang='lat' dir='ltr'><strong>Christo</strong></span> <span class='ocrx_word' id='word_1_247' title='bbox 536 2036 722 2071; x_wconf 69' lang='lat' dir='ltr'><strong>comitante,</strong></span> <span class='ocrx_word' id='word_1_248' title='bbox 749 2037 846 2066; x_wconf 76' lang='lat' dir='ltr'><strong>venit.</strong></span> <span class='ocrx_word' id='word_1_249' title='bbox 878 2035 1034 2065; x_wconf 78' lang='lat' dir='ltr'><strong>Honorius</strong></span> <span class='ocrx_word' id='word_1_250' title='bbox 1058 2043 1138 2064; x_wconf 82' lang='lat' dir='ltr'><strong>anno</strong></span> <span class='ocrx_word' id='word_1_251' title='bbox 1159 2035 1291 2064; x_wconf 84' lang='lat' dir='ltr'><strong>exeunte</strong></span> 
     </span>
    </p>
   </div>
   <div class='ocr_carea' id='block_1_12' title="bbox 145 2076 1290 2150">
    <p class='ocr_par' dir='ltr' id='par_1_34' title="bbox 145 2076 1290 2150">
     <span class='ocr_line' id='line_1_42' title="bbox 145 2076 1290 2148; baseline -0.003 -39"><span class='ocrx_word' id='word_1_252' title='bbox 145 2077 254 2148; x_wconf 56' lang='lat' dir='ltr'><strong>cTJ&#39;c—eslV.</strong></span> <span class='ocrx_word' id='word_1_253' title='bbox 276 2077 407 2108; x_wconf 79' lang='lat' dir='ltr'><strong>Romam</strong></span> <span class='ocrx_word' id='word_1_254' title='bbox 431 2078 526 2108; x_wconf 84' lang='lat' dir='ltr'><strong>venit.</strong></span> <span class='ocrx_word' id='word_1_255' title='bbox 548 2078 583 2108; x_wconf 88' lang='lat' dir='ltr'><strong>V.</strong></span> <span class='ocrx_word' id='word_1_256' title='bbox 607 2077 865 2114; x_wconf 63' lang='grc' dir='ltr'><strong>Τιιικκοκτινη,</strong></span> <span class='ocrx_word' id='word_1_257' title='bbox 882 2086 974 2113; x_wconf 83' lang='lat' dir='ltr'><strong>quem</strong></span> <span class='ocrx_word' id='word_1_258' title='bbox 997 2085 1092 2114; x_wconf 75' lang='lat' dir='ltr'><strong>snpra</strong></span> <span class='ocrx_word' id='word_1_259' title='bbox 1108 2077 1139 2105; x_wconf 87' lang='lat' dir='ltr'><strong>in</strong></span> <span class='ocrx_word' id='word_1_260' title='bbox 1154 2076 1290 2106; x_wconf 86' lang='lat' dir='ltr'><strong>medium</strong></span> 
     </span>
     <span class='ocr_line' id='line_1_43' title="bbox 147 2119 326 2150; baseline 0.006 -1"><span class='ocrx_word' id='word_1_261' title='bbox 147 2122 218 2149; x_wconf 75' lang='lat' dir='ltr'><strong>attu</strong></span> <span class='ocrx_word' id='word_1_262' title='bbox 233 2119 326 2150; x_wconf 83' lang='lat' dir='ltr'><strong>imus.</strong></span> 
     </span>
    </p>
   </div>
  </div>
 </body>
</html>
