1566 2482
725 169 878 203 Avitum
903 169 1105 203 annmn
1170 144 1172 146 ¹

296 298 298 300 ·
342 284 513 323 Addictis
542 282 602 334 (1)
630 283 802 322 animosa
829 283 940 322 Fides
967 284 1130 324 mercata
1155 284 1321 332 pararat
1404 282 1499 328 875ἓ

343 338 425 377 Hoc
451 337 587 376 residet
613 332 704 380 80110
731 337 874 385 pollens
902 337 1106 385 Sapientia,
1135 339 1174 376 et
1200 349 1309 376 omne
1409 361 1415 370 ι
1482 353 1483 356 “

343 391 550 430 Consilium
576 391 684 440 regni
711 391 811 430 celsa
837 391 1002 440 disponit
1028 392 1076 430 ab
1103 391 1204 439 aula,

340 445 576 494 Tutandique
603 444 765 484 hominis
791 445 894 494 leges
926 445 995 484 sub
1022 445 1128 484 corde
1155 445 1349 486 retractat.

340 500 389 538 In
416 499 589 539 manibus
616 499 785 538 dominae
817 500 1016 547 sceptrum,
1046 510 1121 538 non
1149 501 1226 538 arte
1255 498 1428 547 politum,

341 553 411 592 Sed
434 553 540 602 ligno
565 552 693 592 vivum
722 552 780 604 (2)
809 552 920 592 viridi
947 554 1017 601 est,
1045 553 1143 602 quod
1168 553 1282 601 stirpe
1306 552 1482 658 recis[um,

339 660 517 707 Quamvis
543 660 670 698 nullus
698 660 777 698 alat
802 659 939 698 terreni
966 659 1116 708 cespitis
1142 660 1288 721 humor,

339 715 483 753 Fronde
509 715 636 752 tamen
662 713 758 752 viret
783 713 982 760 incolumi;
1011 715 1092 752 tum
1120 714 1302 762 sanguine
1324 713 1456 773 tinctis

338 768 547 806 Intertexta
573 767 668 806 rosis
695 767 894 806 candentia
919 743 1003 805 lili'a
1028 767 1172 815 miscet,

338 821 478 860 Nescia
503 820 686 860 marcenti
712 821 838 859 florem
865 820 1081 860 submittere
1110 796 1218 860 00110.

338 875 463 914 Huius
490 875 609 914 forma
635 874 708 913 fuit
735 874 871 923 sceptri
897 876 1091 923 gestamen
1120 873 1180 924 (3)
1210 875 1339 914 Aaron
1403 872 1481 914 885

338 928 577 975 Floriferum,
613 928 710 967 sicco
737 929 835 977 quod
862 928 1031 977 germina
1057 928 1190 967 cortice
1217 929 1386 976 trudens,

337 982 526 1030 Explicuit
550 984 718 1022 tenerum
744 994 809 1030 spe
837 983 1057 1030 pubescente
1084 982 1264 1029 decorem,

336 1037 457 1084 Inque
485 1047 599 1075 novos
626 1036 749 1075 subito
775 1036 913 1074 tumuit
939 1036 1047 1083 virga
1073 1035 1180 1074 arida
1207 1035 1318 1076 fetus.

338 1090 540 1128 Reddimus
567 1090 751 1137 aeternas,
773 1089 1096 1138 indulgentissime
1124 1090 1274 1136 Doctor,

338 1144 485 1190 Grates,
505 1143 664 1190 Christe,
680 1142 764 1190 tibi,
781 1142 1003 1191 meritosque
1017 1154 1207 1181 sacramus
1220 1143 1378 1182 honores
1403 1142 1481 1182 890

338 1197 410 1235 Ore
437 1196 519 1244 pio:
551 1208 640 1234 nam
667 1207 729 1235 cor
755 1196 928 1235 vitiorum
957 1198 1115 1235 stercore
1142 1196 1279 1235 sordet.

337 1251 393 1288 Tu
420 1261 488 1288 nos
516 1249 678 1298 corporei
704 1250 889 1289 latebrosa
916 1249 1080 1298 pericula
1107 1250 1239 1298 operti,

336 1303 604 1352 Luctantisque
632 1302 778 1342 animae
805 1303 958 1342 voluisti
984 1315 1184 1352 agnoscere
1211 1315 1336 1342 casus.

336 1357 519 1395 Novimus
547 1357 728 1405 ancipites
755 1357 931 1395 nebuloso
958 1356 999 1395 in
1026 1358 1170 1405 pectore
1197 1369 1332 1396 sensus

336 1411 474 1449 Sudare
503 1410 658 1449 alternis
685 1411 934 1458 conflictibus,
965 1412 1002 1449 et
1027 1411 1171 1449 variato
1223 1436 1233 1445 .
1401 1410 1478 1450 895

336 1464 555 1513 Pugnarum
582 1466 731 1512 eventu,
762 1476 861 1503 nunc
887 1464 1011 1503 indole
1037 1476 1196 1504 crescere
1224 1464 1369 1512 dextra,

336 1518 448 1556 Nunc
475 1517 667 1556 inclinatis
694 1518 896 1557 cervicibus
923 1518 972 1556 ad
998 1517 1089 1567 iuga
1115 1518 1214 1557 vitae

335 1571 526 1610 Deteriora
551 1571 666 1619 trahi,
697 1583 847 1620 seseque
876 1571 1043 1610 addicere
1071 1572 1178 1610 noxis

335 1625 534 1673 Turpibus‚
565 1626 603 1663 et
629 1625 797 1673 propriae
824 1626 1005 1664 iacturam
1034 1625 1127 1664 ferre
1156 1624 1306 1664 salutis.

336 1678 367 1717 Ο
395 1679 539 1727 quoties
567 1678 746 1727 animam,
777 1678 951 1718 vitiorum
978 1680 1080 1727 peste
1107 1678 1270 1727 repulsa,
1398 1677 1476 1717 900

397 1819 442 1857 (1)
454 1819 628 1859 opibusque
642 1821 672 1849 et
692 1819 841 1850 censibus
857 1819 968 1850 hastae
991 1819 1154 1850 Addictis.
1179 1818 1295 1857 Opibus
1315 1826 1425 1858 nempe
1441 1817 1476 1850 et

334 1861 474 1891 censibus
505 1862 562 1891 sub
584 1861 676 1891 hasta
698 1861 885 1892 devenditis.
909 1862 967 1891 Hic
989 1862 1106 1896 autem,
1131 1861 1191 1891 nisi
1213 1861 1310 1891 falsus
1330 1869 1412 1899 sum,
1433 1859 1474 1892 ad

334 1903 559 1940 negotiatorem
580 1902 670 1933 illum
690 1904 838 1941 respexit,
861 1903 898 1933 de
921 1911 978 1940 quo
1001 1902 1032 1933 S.
1057 1902 1183 1933 ΜΑττΗ.
1207 1902 1297 1933 ΧΗῙ.

398 1943 446 1984 (2)
469 1945 532 1975 Sed
560 1945 651 1983 liqno
673 1946 795 1975 vivum.
821 1961 860 1967 —
884 1944 1024 1975 Gissun.
1047 1945 1102 1975 sed
1124 1945 1253 1983 liynum
1275 1945 1387 1975 vivum
1407 1943 1471 1976 etc.
1565 1981 1566 1988 ἵ

333 1986 369 2016 111
390 1994 444 2016 ora
465 1987 572 2017 tamen
587 1986 679 2018 editt.
696 1995 769 2017 suae
792 1985 954 2017 GISELINVS
975 1986 1115 2016 nostram
1131 1995 1198 2017 var.
1214 1985 1287 2016 lect.
1305 1984 1470 2018 adscribit.

399 2028 444 2067 (3)
467 2028 581 2059 Huius
610 2028 719 2066 forma
739 2028 808 2067 fuit
827 2028 949 2067 sceptri
972 2030 1150 2067 qestamen.
1174 2027 1289 2058 Graece
1311 2025 1376 2074 φρό
1563 1991 1566 2066 Ι

335 2076 371 2106 V.
390 2075 515 2106 Nvmsu.
540 2076 640 2107 XVH.
664 2076 708 2107 De
729 2084 804 2107 voce
829 2078 999 2114 ,qestamen
1023 2037 1470 2112 v.v1no.210n.111‚9286{

335 2116 404 2154 VII,
430 2117 503 2150 246.
527 2118 591 2150 Sel.
614 2117 687 2151 Ital.
711 2118 750 2150 V.
775 2117 848 2150 349.
